
@article{aartsenAllskySearchTimeintegrated2017,
  title = {All-Sky {{Search}} for {{Time}}-Integrated {{Neutrino Emission}} from {{Astrophysical Sources}} with 7 Yr of {{IceCube Data}}},
  author = {Aartsen, M. G. and Abraham, K. and Ackermann, M. and Adams, J. and Aguilar, J. A. and Ahlers, M. and Ahrens, M. and Altmann, D. and Andeen, K. and Anderson, T. and Ansseau, I. and Anton, G. and Archinger, M. and Argüelles, C. and Auffenberg, J. and Axani, S. and Bai, X. and Barwick, S. W. and Baum, V. and Bay, R. and Beatty, J. J. and Tjus, J. Becker and Becker, K.-H. and BenZvi, S. and Berley, D. and Bernardini, E. and Bernhard, A. and Besson, D. Z. and Binder, G. and Bindig, D. and Bissok, M. and Blaufuss, E. and Blot, S. and Bohm, C. and Börner, M. and Bos, F. and Bose, D. and Böser, S. and Botner, O. and Braun, J. and Brayeur, L. and Bretz, H.-P. and Bron, S. and Burgman, A. and Carver, T. and Casier, M. and Cheung, E. and Chirkin, D. and Christov, A. and Clark, K. and Classen, L. and Coenders, S. and Collin, G. H. and Conrad, J. M. and Cowen, D. F. and Cross, R. and Day, M. and de André, J. P. A. M. and Clercq, C. De and Rosendo, E. del Pino and Dembinski, H. and Ridder, S. De and Desiati, P. and de Vries, K. D. and de Wasseige, G. and de With, M. and DeYoung, T. and Díaz-Vélez, J. C. and di Lorenzo, V. and Dujmovic, H. and Dumm, J. P. and Dunkman, M. and Eberhardt, B. and Ehrhardt, T. and Eichmann, B. and Eller, P. and Euler, S. and Evenson, P. A. and Fahey, S. and Fazely, A. R. and Feintzeig, J. and Felde, J. and Filimonov, K. and Finley, C. and Flis, S. and Fösig, C.-C. and Franckowiak, A. and Friedman, E. and Fuchs, T. and Gaisser, T. K. and Gallagher, J. and Gerhardt, L. and Ghorbani, K. and Giang, W. and Gladstone, L. and Glauch, T. and Glüsenkamp, T. and Goldschmidt, A. and Golup, G. and Gonzalez, J. G. and Grant, D. and Griffith, Z. and Haack, C. and Ismail, A. Haj and Hallgren, A. and Halzen, F. and Hansen, E. and Hansmann, T. and Hanson, K. and Hebecker, D. and Heereman, D. and Helbing, K. and Hellauer, R. and Hickford, S. and Hignight, J. and Hill, G. C. and Hoffman, K. D. and Hoffmann, R. and Holzapfel, K. and Hoshina, K. and Huang, F. and Huber, M. and Hultqvist, K. and In, S. and Ishihara, A. and Jacobi, E. and Japaridze, G. S. and Jeong, M. and Jero, K. and Jones, B. J. P. and Jurkovic, M. and Kappes, A. and Karg, T. and Karle, A. and Katz, U. and Kauer, M. and Keivani, A. and Kelley, J. L. and Kheirandish, A. and Kim, M. and Kintscher, T. and Kiryluk, J. and Kittler, T. and Klein, S. R. and Kohnen, G. and Koirala, R. and Kolanoski, H. and Konietz, R. and Köpke, L. and Kopper, C. and Kopper, S. and Koskinen, D. J. and Kowalski, M. and Krings, K. and Kroll, M. and Krückl, G. and Krüger, C. and Kunnen, J. and Kunwar, S. and Kurahashi, N. and Kuwabara, T. and Labare, M. and Lanfranchi, J. L. and Larson, M. J. and Lauber, F. and Lennarz, D. and Lesiak-Bzdak, M. and Leuermann, M. and Lu, L. and Lünemann, J. and Madsen, J. and Maggi, G. and Mahn, K. B. M. and Mancina, S. and Mandelartz, M. and Maruyama, R. and Mase, K. and Maunu, R. and McNally, F. and Meagher, K. and Medici, M. and Meier, M. and Meli, A. and Menne, T. and Merino, G. and Meures, T. and Miarecki, S. and Mohrmann, L. and Montaruli, T. and Moulai, M. and Nahnhauer, R. and Naumann, U. and Neer, G. and Niederhausen, H. and Nowicki, S. C. and Nygren, D. R. and Pollmann, A. Obertacke and Olivas, A. and O’Murchadha, A. and Palczewski, T. and Pandya, H. and Pankova, D. V. and Peiffer, P. and Penek, Ö and Pepper, J. A. and de los Heros, C. Pérez and Pieloth, D. and Pinat, E. and Price, P. B. and Przybylski, G. T. and Quinnan, M. and Raab, C. and Rädel, L. and Rameez, M. and Rawlins, K. and Reimann, R. and Relethford, B. and Relich, M. and Resconi, E. and Rhode, W. and Richman, M. and Riedel, B. and Robertson, S. and Rongen, M. and Rott, C. and Ruhe, T. and Ryckbosch, D. and Rysewyk, D. and Sabbatini, L. and Herrera, S. E. Sanchez and Sandrock, A. and Sandroos, J. and Sarkar, S. and Satalecka, K. and Schlunder, P. and Schmidt, T. and Schoenen, S. and Schöneberg, S. and Schumacher, L. and Seckel, D. and Seunarine, S. and Soldin, D. and Song, M. and Spiczak, G. M. and Spiering, C. and Stanev, T. and Stasik, A. and Stettner, J. and Steuer, A. and Stezelberger, T. and Stokstad, R. G. and Stössl, A. and Ström, R. and Strotjohann, N. L. and Sullivan, G. W. and Sutherland, M. and Taavola, H. and Taboada, I. and Tatar, J. and Tenholt, F. and Ter-Antonyan, S. and Terliuk, A. and Tešić, G. and Tilav, S. and Toale, P. A. and Tobin, M. N. and Toscano, S. and Tosi, D. and Tselengidou, M. and Turcati, A. and Unger, E. and Usner, M. and Vandenbroucke, J. and van Eijndhoven, N. and Vanheule, S. and van Rossem, M. and van Santen, J. and Veenkamp, J. and Vehring, M. and Voge, M. and Vogel, E. and Vraeghe, M. and Walck, C. and Wallace, A. and Wallraff, M. and Wandkowsky, N. and Weaver, Ch and Weiss, M. J. and Wendt, C. and Westerhoff, S. and Whelan, B. J. and Wickmann, S. and Wiebe, K. and Wiebusch, C. H. and Wille, L. and Williams, D. R. and Wills, L. and Wolf, M. and Wood, T. R. and Woolsey, E. and Woschnagg, K. and Xu, D. L. and Xu, X. W. and Xu, Y. and Yanez, J. P. and Yodh, G. and Yoshida, S. and Zoll, M. and Collaboration), IceCube},
  date = {2017-01-24},
  journaltitle = {ApJ},
  volume = {835},
  pages = {151},
  publisher = {{IOP Publishing}},
  issn = {0004-637X},
  doi = {10.3847/1538-4357/835/2/151},
  file = {C\:\\Users\\Martin\\Zotero\\storage\\XL3YFBMC\\Aartsen et al. - 2017 - All-sky Search for Time-integrated Neutrino Emissi.pdf;C\:\\Users\\Martin\\Zotero\\storage\\P78KZ4UR\\151.html},
  keywords = {aeff data},
  langid = {english},
  number = {2}
}

@article{aartsenObservationCharacterizationCosmic2016,
  title = {Observation and {{Characterization}} of a {{Cosmic Muon Neutrino Flux}} from the {{Northern Hemisphere Using Six Years}} of {{IceCube Data}}},
  author = {Aartsen, M. G. and Abraham, K. and Ackermann, M. and Adams, J. and Aguilar, J. A. and Ahlers, M. and Ahrens, M. and Altmann, D. and Andeen, K. and Anderson, T. and Ansseau, I. and Anton, G. and Archinger, M. and Argüelles, C. and Auffenberg, J. and Axani, S. and Bai, X. and Barwick, S. W. and Baum, V. and Bay, R. and Beatty, J. J. and Becker Tjus, J. and Becker, K.-H. and BenZvi, S. and Berghaus, P. and Berley, D. and Bernardini, E. and Bernhard, A. and Besson, D. Z. and Binder, G. and Bindig, D. and Bissok, M. and Blaufuss, E. and Blot, S. and Bohm, C. and Börner, M. and Bos, F. and Bose, D. and Böser, S. and Botner, O. and Braun, J. and Brayeur, L. and Bretz, H.-P. and Burgman, A. and Carver, T. and Casier, M. and Cheung, E. and Chirkin, D. and Christov, A. and Clark, K. and Classen, L. and Coenders, S. and Collin, G. H. and Conrad, J. M. and Cowen, D. F. and Cross, R. and Day, M. and de André, J. P. A. M. and De Clercq, C. and del Pino Rosendo, E. and Dembinski, H. and De Ridder, S. and Desiati, P. and de Vries, K. D. and de Wasseige, G. and de With, M. and DeYoung, T. and Díaz-Vélez, J. C. and di Lorenzo, V. and Dujmovic, H. and Dumm, J. P. and Dunkman, M. and Eberhardt, B. and Ehrhardt, T. and Eichmann, B. and Eller, P. and Euler, S. and Evenson, P. A. and Fahey, S. and Fazely, A. R. and Feintzeig, J. and Felde, J. and Filimonov, K. and Finley, C. and Flis, S. and Fösig, C.-C. and Franckowiak, A. and Friedman, E. and Fuchs, T. and Gaisser, T. K. and Gallagher, J. and Gerhardt, L. and Ghorbani, K. and Giang, W. and Gladstone, L. and Glagla, M. and Glüsenkamp, T. and Goldschmidt, A. and Golup, G. and Gonzalez, J. G. and Grant, D. and Griffith, Z. and Haack, C. and Haj Ismail, A. and Hallgren, A. and Halzen, F. and Hansen, E. and Hansmann, B. and Hansmann, T. and Hanson, K. and Hebecker, D. and Heereman, D. and Helbing, K. and Hellauer, R. and Hickford, S. and Hignight, J. and Hill, G. C. and Hoffman, K. D. and Hoffmann, R. and Holzapfel, K. and Hoshina, K. and Huang, F. and Huber, M. and Hultqvist, K. and In, S. and Ishihara, A. and Jacobi, E. and Japaridze, G. S. and Jeong, M. and Jero, K. and Jones, B. J. P. and Jurkovic, M. and Kappes, A. and Karg, T. and Karle, A. and Katz, U. and Kauer, M. and Keivani, A. and Kelley, J. L. and Kemp, J. and Kheirandish, A. and Kim, M. and Kintscher, T. and Kiryluk, J. and Kittler, T. and Klein, S. R. and Kohnen, G. and Koirala, R. and Kolanoski, H. and Konietz, R. and Köpke, L. and Kopper, C. and Kopper, S. and Koskinen, D. J. and Kowalski, M. and Krings, K. and Kroll, M. and Krückl, G. and Krüger, C. and Kunnen, J. and Kunwar, S. and Kurahashi, N. and Kuwabara, T. and Labare, M. and Lanfranchi, J. L. and Larson, M. J. and Lauber, F. and Lennarz, D. and Lesiak-Bzdak, M. and Leuermann, M. and Leuner, J. and Lu, L. and Lünemann, J. and Madsen, J. and Maggi, G. and Mahn, K. B. M. and Mancina, S. and Mandelartz, M. and Maruyama, R. and Mase, K. and Maunu, R. and McNally, F. and Meagher, K. and Medici, M. and Meier, M. and Meli, A. and Menne, T. and Merino, G. and Meures, T. and Miarecki, S. and Mohrmann, L. and Montaruli, T. and Moulai, M. and Nahnhauer, R. and Naumann, U. and Neer, G. and Niederhausen, H. and Nowicki, S. C. and Nygren, D. R. and Obertacke Pollmann, A. and Olivas, A. and O'Murchadha, A. and Palczewski, T. and Pandya, H. and Pankova, D. V. and Peiffer, P. and Penek, Ö. and Pepper, J. A. and Pérez de los Heros, C. and Pieloth, D. and Pinat, E. and Price, P. B. and Przybylski, G. T. and Quinnan, M. and Raab, C. and Rädel, L. and Rameez, M. and Rawlins, K. and Reimann, R. and Relethford, B. and Relich, M. and Resconi, E. and Rhode, W. and Richman, M. and Riedel, B. and Robertson, S. and Rongen, M. and Rott, C. and Ruhe, T. and Ryckbosch, D. and Rysewyk, D. and Sabbatini, L. and Sanchez Herrera, S. E. and Sandrock, A. and Sandroos, J. and Sarkar, S. and Satalecka, K. and Schimp, M. and Schlunder, P. and Schmidt, T. and Schoenen, S. and Schöneberg, S. and Schumacher, L. and Seckel, D. and Seunarine, S. and Soldin, D. and Song, M. and Spiczak, G. M. and Spiering, C. and Stahlberg, M. and Stanev, T. and Stasik, A. and Steuer, A. and Stezelberger, T. and Stokstad, R. G. and Stößl, A. and Ström, R. and Strotjohann, N. L. and Sullivan, G. W. and Sutherland, M. and Taavola, H. and Taboada, I. and Tatar, J. and Tenholt, F. and Ter-Antonyan, S. and Terliuk, A. and Tešić, G. and Tilav, S. and Toale, P. A. and Tobin, M. N. and Toscano, S. and Tosi, D. and Tselengidou, M. and Turcati, A. and Unger, E. and Usner, M. and Vandenbroucke, J. and van Eijndhoven, N. and Vanheule, S. and van Rossem, M. and van Santen, J. and Veenkamp, J. and Vehring, M. and Voge, M. and Vraeghe, M. and Walck, C. and Wallace, A. and Wallraff, M. and Wandkowsky, N. and Weaver, Ch. and Weiss, M. J. and Wendt, C. and Westerhoff, S. and Whelan, B. J. and Wickmann, S. and Wiebe, K. and Wiebusch, C. H. and Wille, L. and Williams, D. R. and Wills, L. and Wolf, M. and Wood, T. R. and Woolsey, E. and Woschnagg, K. and Xu, D. L. and Xu, X. W. and Xu, Y. and Yanez, J. P. and Yodh, G. and Yoshida, S. and Zoll, M. and {Icecube Collaboration}},
  date = {2016-12-01},
  journaltitle = {The Astrophysical Journal},
  volume = {833},
  pages = {3},
  issn = {0004-637X},
  doi = {10.3847/0004-637X/833/1/3},
  abstract = {The IceCube Collaboration has previously discovered a high-energy  astrophysical neutrino flux using neutrino events with interaction vertices contained within the instrumented volume of the IceCube detector. We present a complementary measurement using charged current muon neutrino events where the interaction vertex can be outside this volume. As a consequence of the large muon range the effective area is significantly larger but the field of view is restricted to the Northern Hemisphere. IceCube data from 2009 through 2015 have been analyzed using a likelihood approach based on the reconstructed muon energy and zenith angle. At the highest neutrino energies between 194 \{TeV\} and 7.8 \{PeV\} a significant astrophysical contribution is observed, excluding a purely atmospheric origin of these events at 5.6σ significance. The data are well described by an isotropic, unbroken power-law flux with a normalization at 100 \{TeV\} neutrino energy of (\{0.90\}-0.27+0.30)× \{10\}-18 \{\{GeV\}\}-1 \{\{cm\}\}-2 \{\{\{s\}\}\}-1 \{\{sr\}\}-1 and a hard spectral index of γ =2.13+/- 0.13. The observed spectrum is harder in comparison to previous IceCube analyses with lower energy thresholds which may indicate a break in the astrophysical neutrino spectrum of unknown origin. The highest-energy event observed has a reconstructed muon energy of (4.5+/- 1.2) \{PeV\} which implies a probability of less than 0.005 \% for this event to be of atmospheric origin. Analyzing the arrival directions of all events with reconstructed muon energies above 200 \{TeV\} no correlation with known γ-ray sources was found. Using the high statistics of atmospheric neutrinos we report the current best constraints on a prompt atmospheric muon neutrino flux originating from charmed meson decays which is below 1.06 in units of the flux normalization of the model in Enberg et al.},
  file = {C\:\\Users\\Martin\\Zotero\\storage\\WJM2QWML\\Aartsen et al. - 2016 - Observation and Characterization of a Cosmic Muon .pdf},
  keywords = {astroparticle physics,methods: data analysis,neutrinos},
  options = {useprefix=true}
}

@article{abbasiImprovedMethodMeasuring2013,
  title = {An Improved Method for Measuring Muon Energy Using the Truncated Mean of {{dE}}/Dx},
  author = {Abbasi, R. and Abdou, Y. and Ackermann, M. and Adams, J. and Aguilar, J. A. and Ahlers, M. and Altmann, D. and Andeen, K. and Auffenberg, J. and Bai, X. and Baker, M. and Barwick, S. W. and Baum, V. and Bay, R. and Beattie, K. and Beatty, J. J. and Bechet, S. and Becker Tjus, J. and Becker, K. -H. and Bell, M. and Benabderrahmane, M. L. and BenZvi, S. and Berdermann, J. and Berghaus, P. and Berley, D. and Bernardini, E. and Bertrand, D. and Besson, D. Z. and Bindig, D. and Bissok, M. and Blaufuss, E. and Blumenthal, J. and Boersma, D. J. and Bohm, C. and Bose, D. and Böser, S. and Botner, O. and Brayeur, L. and Brown, A. M. and Bruijn, R. and Brunner, J. and Buitink, S. and Carson, M. and Casey, J. and Casier, M. and Chirkin, D. and Christy, B. and Clevermann, F. and Cohen, S. and Cowen, D. F. and Cruz Silva, A. H. and Danninger, M. and Daughhetee, J. and Davis, J. C. and De Clercq, C. and Descamps, F. and Desiati, P. and de Vries-Uiterweerd, G. and DeYoung, T. and Díaz-Vélez, J. C. and Dreyer, J. and Dumm, J. P. and Dunkman, M. and Eagan, R. and Eisch, J. and Ellsworth, R. W. and Engdegård, O. and Euler, S. and Evenson, P. A. and Fadiran, O. and Fazely, A. R. and Fedynitch, A. and Feintzeig, J. and Feusels, T. and Filimonov, K. and Finley, C. and Fischer-Wasels, T. and Flis, S. and Franckowiak, A. and Franke, R. and Frantzen, K. and Fuchs, T. and Gaisser, T. K. and Gallagher, J. and Gerhardt, L. and Gladstone, L. and Glüsenkamp, T. and Goldschmidt, A. and Goodman, J. A. and Góra, D. and Grant, D. and Groß, A. and Grullon, S. and Gurtner, M. and Ha, C. and Haj Ismail, A. and Hallgren, A. and Halzen, F. and Hanson, K. and Heereman, D. and Heimann, P. and Heinen, D. and Helbing, K. and Hellauer, R. and Hickford, S. and Hill, G. C. and Hoffman, K. D. and Hoffmann, R. and Homeier, A. and Hoshina, K. and Huelsnitz, W. and Hulth, P. O. and Hultqvist, K. and Hussain, S. and Ishihara, A. and Jacobi, E. and Jacobsen, J. and Japaridze, G. S. and Jlelati, O. and Kappes, A. and Karg, T. and Karle, A. and Kiryluk, J. and Kislat, F. and Kläs, J. and Klein, S. R. and Köhne, J. -H. and Kohnen, G. and Kolanoski, H. and Köpke, L. and Kopper, C. and Kopper, S. and Koskinen, D. J. and Kowalski, M. and Krasberg, M. and Kroll, G. and Kunnen, J. and Kurahashi, N. and Kuwabara, T. and Labare, M. and Laihem, K. and Landsman, H. and Larson, M. J. and Lauer, R. and Lesiak-Bzdak, M. and Lünemann, J. and Madsen, J. and Maruyama, R. and Mase, K. and Matis, H. S. and McNally, F. and Meagher, K. and Merck, M. and Mészáros, P. and Meures, T. and Miarecki, S. and Middell, E. and Milke, N. and Miller, J. and Mohrmann, L. and Montaruli, T. and Morse, R. and Movit, S. M. and Nahnhauer, R. and Naumann, U. and Nowicki, S. C. and Nygren, D. R. and Obertacke, A. and Odrowski, S. and Olivas, A. and Olivo, M. and O'Murchadha, A. and Panknin, S. and Paul, L. and Pepper, J. A. and Pérez de los Heros, C. and Pieloth, D. and Pirk, N. and Posselt, J. and Price, P. B. and Przybylski, G. T. and Rädel, L. and Rawlins, K. and Redl, P. and Resconi, E. and Rhode, W. and Ribordy, M. and Richman, M. and Riedel, B. and Rodrigues, J. P. and Rothmaier, F. and Rott, C. and Ruhe, T. and Ruzybayev, B. and Ryckbosch, D. and Saba, S. M. and Salameh, T. and Sander, H. -G. and Santander, M. and Sarkar, S. and Schatto, K. and Scheel, M. and Scheriau, F. and Schmidt, T. and Schmitz, M. and Schoenen, S. and Schöneberg, S. and Schönherr, L. and Schönwald, A. and Schukraft, A. and Schulte, L. and Schulz, O. and Seckel, D. and Seo, S. H. and Sestayo, Y. and Seunarine, S. and Smith, M. W. E. and Soiron, M. and Soldin, D. and Spiczak, G. M. and Spiering, C. and Stamatikos, M. and Stanev, T. and Stasik, A. and Stezelberger, T. and Stokstad, R. G. and Stößl, A. and Strahler, E. A. and Ström, R. and Sullivan, G. W. and Taavola, H. and Taboada, I. and Tamburro, A. and Ter-Antonyan, S. and Tilav, S. and Toale, P. A. and Toscano, S. and Usner, M. and van der Drift, D. and van Eijndhoven, N. and Van Overloop, A. and van Santen, J. and Vehring, M. and Voge, M. and Walck, C. and Waldenmaier, T. and Wallraff, M. and Walter, M. and Wasserman, R. and Weaver, Ch. and Wendt, C. and Westerhoff, S. and Whitehorn, N. and Wiebe, K. and Wiebusch, C. H. and Williams, D. R. and Wissing, H. and Wolf, M. and Wood, T. R. and Woschnagg, K. and Xu, C. and Xu, D. L. and Xu, X. W. and Yanez, J. P. and Yodh, G. and Yoshida, S. and Zarzhitsky, P. and Ziemann, J. and Zilles, A. and Zoll, M.},
  date = {2013-03-01},
  journaltitle = {Nuclear Instruments and Methods in Physics Research Section A: Accelerators, Spectrometers, Detectors and Associated Equipment},
  volume = {703},
  pages = {190--198},
  issn = {0168-9002},
  doi = {10.1016/j.nima.2012.11.081},
  abstract = {The measurement of muon energy is critical for many analyses in large Cherenkov detectors, particularly those that involve separating extraterrestrial neutrinos from the atmospheric neutrino background. Muon energy has traditionally been determined by measuring the specific energy loss (dE/dx) along the muon's path and relating the dE/dx to the muon energy. Because high-energy muons (Eμ{$>$}1TeV) lose energy randomly, the spread in dE/dx values is quite large, leading to a typical energy resolution of 0.29 in log10(Eμ) for a muon observed over a 1km path length in the IceCube detector. In this paper, we present an improved method that uses a truncated mean and other techniques to determine the muon energy. The muon track is divided into separate segments with individual dE/dx values. The elimination of segments with the highest dE/dx results in an overall dE/dx that is more closely correlated to the muon energy. This method results in an energy resolution of 0.22 in log10(Eμ), which gives a 26\% improvement. This technique is applicable to any large water or ice detector and potentially to large scintillator or liquid argon detectors.},
  file = {C\:\\Users\\Martin\\Zotero\\storage\\X55WWLU8\\Abbasi et al. - 2013 - An improved method for measuring muon energy using.pdf;C\:\\Users\\Martin\\Zotero\\storage\\RXJEXJJX\\S0168900212014234.html},
  keywords = {/,Cherenkov,IceCube detector,Muon energy,Neutrino energy,Truncated mean},
  langid = {english},
  options = {useprefix=true}
}

@article{akhmedov13LeptonicMixing2007,
  title = {1-3 Leptonic Mixing and the Neutrino Oscillograms of the {{Earth}}},
  author = {Akhmedov, Evgeny Kh and Maltoni, Michele and Smirnov, Alexei Yu},
  date = {2007-05-23},
  journaltitle = {J. High Energy Phys.},
  volume = {2007},
  pages = {077--077},
  issn = {1029-8479},
  doi = {10.1088/1126-6708/2007/05/077},
  abstract = {We develop a detailed and comprehensive description of neutrino oscillations driven by the 1-3 mixing in the matter of the Earth. The description is valid for the realistic (PREM) Earth density profile in the whole range of nadir angles and for neutrino energies above 1 GeV. It can be applied to oscillations of atmospheric and accelerator neutrinos. The results are presented in the form of neutrino oscillograms of the Earth, i.e. the contours of equal oscillation probabilities in the neutrino energy--nadir angle plane. A detailed physics interpretation of the oscillograms, which includes the MSW peaks, parametric ridges, local maxima, zeros and saddle points, is given in terms of the amplitude and phase conditions. Precise analytic formulas for the probabilities are obtained. We study the dependence of the oscillation pattern on theta\_13 and find, in particular, that the transition probability P {$>$} 1/2 appears for sin\^2(2theta\_13) as small as 0.009. We consider the dependence of the oscillation pattern on the matter density profile and comment on the possibility of the oscillation tomography of the Earth.},
  archiveprefix = {arXiv},
  eprint = {hep-ph/0612285},
  eprinttype = {arxiv},
  keywords = {Astrophysics,High Energy Physics - Experiment,High Energy Physics - Phenomenology},
  number = {05}
}

@article{akhmedov13LeptonicMixing2007a,
  title = {1-3 Leptonic Mixing and the Neutrino Oscillograms of the {{Earth}}},
  author = {Akhmedov, Evgeny Kh and Maltoni, Michele and Smirnov, Alexei Yu},
  date = {2007-05-23},
  journaltitle = {J. High Energy Phys.},
  volume = {2007},
  pages = {077--077},
  issn = {1029-8479},
  doi = {10.1088/1126-6708/2007/05/077},
  abstract = {We develop a detailed and comprehensive description of neutrino oscillations driven by the 1-3 mixing in the matter of the Earth. The description is valid for the realistic (PREM) Earth density profile in the whole range of nadir angles and for neutrino energies above 1 GeV. It can be applied to oscillations of atmospheric and accelerator neutrinos. The results are presented in the form of neutrino oscillograms of the Earth, i.e. the contours of equal oscillation probabilities in the neutrino energy--nadir angle plane. A detailed physics interpretation of the oscillograms, which includes the MSW peaks, parametric ridges, local maxima, zeros and saddle points, is given in terms of the amplitude and phase conditions. Precise analytic formulas for the probabilities are obtained. We study the dependence of the oscillation pattern on theta\_13 and find, in particular, that the transition probability P {$>$} 1/2 appears for sin\^2(2theta\_13) as small as 0.009. We consider the dependence of the oscillation pattern on the matter density profile and comment on the possibility of the oscillation tomography of the Earth.},
  archiveprefix = {arXiv},
  eprint = {hep-ph/0612285},
  eprinttype = {arxiv},
  file = {C\:\\Users\\Martin\\Zotero\\storage\\PL2S88MC\\Akhmedov et al. - 2007 - 1-3 leptonic mixing and the neutrino oscillograms .pdf;C\:\\Users\\Martin\\Zotero\\storage\\MDWUIFUG\\0612285.html},
  keywords = {Astrophysics,High Energy Physics - Experiment,High Energy Physics - Phenomenology},
  number = {05}
}

@online{AtmosphericNeutrinosOscillations,
  title = {Atmospheric Neutrinos and the Oscillations Bonanza - {{INSPIRE}}},
  url = {https://inspirehep.net/literature/511071},
  urldate = {2021-02-04},
  file = {C\:\\Users\\Martin\\Zotero\\storage\\KISR549J\\511071.html}
}

@online{axaniSterileNeutrinoSearches2020,
  title = {Sterile {{Neutrino Searches}} at the {{IceCube Neutrino Observatory}}},
  author = {Axani, Spencer},
  date = {2020-03-04},
  shortjournal = {ArXiv200302796 Hep-Ex Physicsphysics},
  url = {http://arxiv.org/abs/2003.02796},
  urldate = {2021-02-04},
  abstract = {The IceCube Neutrino Observatory is capable of performing a unique search for sterile neutrinos through the exploitation of a matter enhanced resonant neutrino oscillation phenomena. As atmospheric muon neutrinos pass the dense material within the Earth, neutral current elastic forward scattering is predicted to induce a transition into a sterile state. This thesis presents two 3+1 sterile neutrino analyses by searching for spectral differences in the reconstructed energy and zenith direction of muon neutrino events, indicative of a transition into a sterile state. The first search probes the parameter space \$\textbackslash Delta\$m\$\^2\_\{41\}\$ and sin\$\^2\$(2\$\textbackslash theta\_\{24\}\$) with relevant sensitivity to the global best fit region for a 3+1 sterile neutrino hypothesis. The second search performs a scan through sin\$\^2\$(2\$\textbackslash theta\_\{24\}\$) and sin\$\^2\$(2\$\textbackslash theta\_\{34\}\$) in the oscillation averaged out region of high-\$\textbackslash Delta\$m\$\^2\_\{41\}\$ (\$\textbackslash Delta\$m\$\^2\_\{41\}\$ \$\textbackslash gtrsim\$ 10eV\$\^2\$). The analyses are performed using an improved event selection, which was found to extract 305,891 well reconstructed muon neutrino events with a sample purity above 99.9\textbackslash\%, from eight years of IceCube data. Novel simulation techniques, along with updated calibration, and a re-assessment of the systematic uncertainties are also discussed. The first analysis finds a best fit sterile hypothesis point at \$\textbackslash Delta\$m\$\^2\_\{41\}\$ = 4.47eV\$\^2\$ and sin\$\^2\$(\$\textbackslash theta\_\{24\})\$ =0.10, consistent with the no-sterile hypothesis at the 8\textbackslash\% confidence level. The second analysis finds a best fit sterile hypothesis at sin\$\^2\$(\$\textbackslash theta\_\{34\})\$ = 0.40, sin\$\^2\$(\$\textbackslash theta\_\{24\})\$ = 0.006, consistent with the null hypothesis at the 19\textbackslash\% confidence level. \% and provides a significant improvement in the worlds measurements using muon neutrino disappearance.},
  archiveprefix = {arXiv},
  eprint = {2003.02796},
  eprinttype = {arxiv},
  file = {C\:\\Users\\Martin\\Zotero\\storage\\WLNNZ5QV\\Axani - 2020 - Sterile Neutrino Searches at the IceCube Neutrino .pdf;C\:\\Users\\Martin\\Zotero\\storage\\W9CGNDWX\\2003.html},
  keywords = {High Energy Physics - Experiment,Physics - Instrumentation and Detectors},
  primaryclass = {hep-ex, physics:physics}
}

@article{bargerThereEvidenceSterile2012,
  title = {Is There Evidence for Sterile Neutrinos in {{IceCube}} Data?},
  author = {Barger, V. and Gao, Y. and Marfatia, D.},
  date = {2012-01-18},
  journaltitle = {Phys. Rev. D},
  volume = {85},
  pages = {011302},
  issn = {1550-7998, 1550-2368},
  doi = {10.1103/PhysRevD.85.011302},
  abstract = {Data from the LSND and MiniBooNE experiments, and revised expectations of the antineutrino flux from nuclear reactors suggest the existence of eV-mass sterile neutrinos. 3+2 and 1+3+1 scenarios accommodate all relevant short-baseline neutrino data except for the low-energy MiniBooNE anomaly. We analyze the angular distribution of upward going atmospheric neutrino events in the IceCube-40 dataset for evidence of sterile neutrinos within these scenarios. Depending on how systematic uncertainties are handled, we find strong evidence for, or weak evidence against sterile neutrinos. We show that future IceCube data will definitively settle the issue.},
  archiveprefix = {arXiv},
  eprint = {1109.5748},
  eprinttype = {arxiv},
  file = {C\:\\Users\\Martin\\Zotero\\storage\\AAGRGHA5\\Barger et al. - 2012 - Is there evidence for sterile neutrinos in IceCube.pdf;C\:\\Users\\Martin\\Zotero\\storage\\Z6D29NKT\\1109.html},
  keywords = {Astrophysics - High Energy Astrophysical Phenomena,High Energy Physics - Experiment,High Energy Physics - Phenomenology,Nuclear Experiment,Nuclear Theory},
  number = {1}
}

@article{bethePossibleExplanationSolarNeutrino1986,
  title = {Possible {{Explanation}} of the {{Solar}}-{{Neutrino Puzzle}}},
  author = {Bethe, H. A.},
  date = {1986-03-24},
  journaltitle = {Phys. Rev. Lett.},
  volume = {56},
  pages = {1305--1308},
  publisher = {{American Physical Society}},
  doi = {10.1103/PhysRevLett.56.1305},
  abstract = {Mikheyev and Smirnov have shown that electron neutrinos above a certain minimum energy Em may all be converted into μ neutrinos on their way out through the sun. We assume here that this is the reason why Davis and collaborators, in their experiments, find many fewer solar neutrinos than predicted. The minimum energy Em is found to be about 6 MeV, the mass m of the μ neutrino must be greater than that of the electron neutrino, m22−m21=6×10−5 eV2, and there is a very minor restriction on the neutrino mixing angle.},
  file = {C\:\\Users\\Martin\\Zotero\\storage\\NJUY8AQX\\Bethe - 1986 - Possible Explanation of the Solar-Neutrino Puzzle.pdf;C\:\\Users\\Martin\\Zotero\\storage\\Y5RYVMSI\\PhysRevLett.56.html},
  number = {12}
}

@article{biggioGeneralBoundsNonstandard2009,
  title = {General Bounds on Non-Standard Neutrino Interactions},
  author = {Biggio, Carla and Blennow, Mattias and Fernandez-Martinez, Enrique},
  date = {2009-08-25},
  journaltitle = {J. High Energy Phys.},
  volume = {2009},
  pages = {090--090},
  issn = {1029-8479},
  doi = {10.1088/1126-6708/2009/08/090},
  abstract = {We derive model-independent bounds on production and detection non-standard neutrino interactions (NSI). We find that the constraints for NSI parameters are around O(10\^\{-2\}) to O(10\^\{-1\}). Furthermore, we review and update the constraints on matter NSI. We conclude that the bounds on production and detection NSI are generally one order of magnitude stronger than their matter counterparts.},
  archiveprefix = {arXiv},
  eprint = {0907.0097},
  eprinttype = {arxiv},
  file = {C\:\\Users\\Martin\\Zotero\\storage\\I8BEWGGH\\Biggio et al. - 2009 - General bounds on non-standard neutrino interactio.pdf;C\:\\Users\\Martin\\Zotero\\storage\\XU4L8YHS\\0907.html},
  keywords = {High Energy Physics - Phenomenology,NSI,parameters},
  number = {08}
}

@article{blennowApproximativeTwoflavorFramework2008,
  title = {Approximative Two-Flavor Framework for Neutrino Oscillations with Nonstandard Interactions},
  author = {Blennow, Mattias and Ohlsson, Tommy},
  date = {2008-11-05},
  journaltitle = {Phys. Rev. D},
  volume = {78},
  pages = {093002},
  issn = {1550-7998, 1550-2368},
  doi = {10.1103/PhysRevD.78.093002},
  abstract = {In this paper, we develop approximative two-flavor neutrino oscillation formulas including subleading nonstandard interaction effects. Especially, the limit when the small mass-squared difference approaches zero is investigated. The approximate formulas are also tested against numerical simulations in order to determine their accuracy and they will probably be most useful in the GeV energy region, which is the energy region where most upcoming neutrino oscillation experiments will be operating. Naturally, it is important to have analytical formulas in order to interpret the physics behind the degeneracies between standard and nonstandard parameters.},
  archiveprefix = {arXiv},
  eprint = {0805.2301},
  eprinttype = {arxiv},
  file = {C\:\\Users\\Martin\\Zotero\\storage\\GS52PQNE\\Blennow and Ohlsson - 2008 - Approximative two-flavor framework for neutrino os.pdf;C\:\\Users\\Martin\\Zotero\\storage\\DW8YLF7J\\0805.html},
  keywords = {easy,High Energy Physics - Phenomenology,NSI},
  number = {9}
}

@article{blennowIceCubeBoundsSterile2018,
  title = {{{IceCube}} Bounds on Sterile Neutrinos above 10 {{eV}}},
  author = {Blennow, Mattias and Fernandez-Martinez, Enrique and Gehrlein, Julia and Hernandez-Garcia, Josu and Salvado, Jordi},
  date = {2018-10-04},
  journaltitle = {Eur. Phys. J. C},
  volume = {78},
  pages = {807},
  issn = {1434-6052},
  doi = {10.1140/epjc/s10052-018-6282-2},
  abstract = {We study the capabilities of IceCube to search for sterile neutrinos with masses above 10~eV by analyzing its \$\$\textbackslash nu \_\textbackslash mu \$\$νμdisappearance atmospheric neutrino sample. We find that IceCube is not only sensitive to the mixing of sterile neutrinos to muon neutrinos, but also to the more elusive mixing with tau neutrinos through matter effects. The currently released 1-year data shows a mild preference, between 0.75 and 3\$\$\textbackslash sigma \$\$σdepending on the binning and flux adopted, for non-zero sterile mixing. This hint overlaps with the favored region for the sterile neutrino interpretation of the ANITA upward shower although the null results from CHORUS and NOMAD on \$\$\textbackslash nu \_\textbackslash mu \$\$νμto \$\$\textbackslash nu \_\textbackslash tau \$\$ντoscillations in vacuum exclude this interpretation, while through a different channel and using a different energy range. At the 99\% C.L. an upper bound is obtained that improves over the present Super-Kamiokande and DeepCore constraints in some parts of the parameter space. We also investigate the physics reach of the roughly 8 years of data that is already on tape as well as a forecast of 20 years data to probe the present hint or improve upon current constraints.},
  file = {C\:\\Users\\Martin\\Zotero\\storage\\WZ9AS2ZE\\Blennow et al. - 2018 - IceCube bounds on sterile neutrinos above 10 eV.pdf},
  langid = {english},
  number = {10}
}

@article{blennowNeutrinoPropagationMatter2013,
  title = {Neutrino {{Propagation}} in {{Matter}}},
  author = {Blennow, Mattias and Smirnov, Alexei Yu},
  date = {2013},
  journaltitle = {Advances in High Energy Physics},
  volume = {2013},
  pages = {1--33},
  issn = {1687-7357, 1687-7365},
  doi = {10.1155/2013/972485},
  abstract = {We describe the effects of neutrino propagation in the matter of the Earth relevant for experiments with atmospheric and accelerator neutrinos and aimed at the determination of the neutrino mass hierarchy and CP-violation. These include (i) the resonance enhancement of neutrino oscillations in matter with constant or nearly constant density, (ii) adiabatic conversion in matter with slowly changing density, (iii) parametric enhancement of oscillations in a multi-layer medium, (iv) oscillations in thin layers of matter. We present the results of semi-analytic descriptions of flavor transitions for the cases of small density perturbations, in the limit of large densities and for small density widths. Neutrino oscillograms of the Earth and their structure after determination of the 1-3 mixing are described. A possibility to identify the neutrino mass hierarchy with the atmospheric neutrinos and multi-megaton scale detectors having low energy thresholds is explored. The potential of future accelerator experiments to establish the hierarchy is outlined.},
  archiveprefix = {arXiv},
  eprint = {1306.2903},
  eprinttype = {arxiv},
  file = {C\:\\Users\\Martin\\Zotero\\storage\\78HB58HA\\Blennow and Smirnov - 2013 - Neutrino Propagation in Matter.pdf;C\:\\Users\\Martin\\Zotero\\storage\\43P722VU\\1306.html},
  keywords = {High Energy Physics - Phenomenology}
}

@article{blennowNonunitaritySterileNeutrinos2017,
  title = {Non-Unitarity, Sterile Neutrinos, and Non-Standard Neutrino Interactions},
  author = {Blennow, Mattias and Coloma, Pilar and Fernandez-Martinez, Enrique and Hernandez-Garcia, Josu and Lopez-Pavon, Jacobo},
  date = {2017-04},
  journaltitle = {J. High Energ. Phys.},
  volume = {2017},
  pages = {153},
  issn = {1029-8479},
  doi = {10.1007/JHEP04(2017)153},
  file = {C\:\\Users\\Martin\\Zotero\\storage\\X3N535HU\\Blennow et al. - 2017 - Non-unitarity, sterile neutrinos, and non-standard.pdf},
  langid = {english},
  number = {4}
}

@article{boserStatusLightSterile2020,
  title = {Status of {{Light Sterile Neutrino Searches}}},
  author = {Böser, Sebastian and Buck, Christian and Giunti, Carlo and Lesgourgues, Julien and Ludhova, Livia and Mertens, Susanne and Schukraft, Anne and Wurm, Michael},
  date = {2020-03},
  journaltitle = {Progress in Particle and Nuclear Physics},
  volume = {111},
  pages = {103736},
  issn = {01466410},
  doi = {10.1016/j.ppnp.2019.103736},
  abstract = {A number of anomalous results in short-baseline oscillation may hint at the existence of one or more light sterile neutrino states in the eV mass range and have triggered a wave of new experimental efforts to search for a definite signature of oscillations between active and sterile neutrino states. The present paper aims to provide a comprehensive review on the status of light sterile neutrino searches in mid-2019: we discuss not only the basic experimental approaches and sensitivities of reactor, source, atmospheric, and accelerator neutrino oscillation experiments but also the complementary bounds arising from direct neutrino mass experiments and cosmological observations. Moreover, we review current results from global oscillation analyses that include the constraints set by running reactor and atmospheric neutrino experiments. They permit to set tighter bounds on the active-sterile oscillation parameters but as yet are not able to provide a definite conclusion on the existence of eV-scale sterile neutrinos.},
  archiveprefix = {arXiv},
  eprint = {1906.01739},
  eprinttype = {arxiv},
  file = {C\:\\Users\\Martin\\Zotero\\storage\\WEI3VN23\\Böser et al. - 2020 - Status of Light Sterile Neutrino Searches.pdf;C\:\\Users\\Martin\\Zotero\\storage\\X5XG979C\\1906.html},
  keywords = {Astrophysics - Cosmology and Nongalactic Astrophysics,High Energy Physics - Experiment,High Energy Physics - Phenomenology,Physics - Instrumentation and Detectors}
}

@software{capel2021,
  title = {Cescalara/Kth\_phd\_thesis},
  author = {Capel, Francesca},
  date = {2021-04-26T07:43:27Z},
  origdate = {2020-06-03T18:24:00Z},
  url = {https://github.com/cescalara/kth_phd_thesis},
  urldate = {2021-04-26},
  abstract = {LaTeX template for PhD theses at KTH. Contribute to cescalara/kth\_phd\_thesis development by creating an account on GitHub.},
  keywords = {kth,kth-style,latex-template,phd-thesis-template,tex,thesis-template}
}

@article{chizhovNewConditionsTotal1999,
  title = {New {{Conditions}} for a {{Total Neutrino Conversion}} in a {{Medium}}},
  author = {Chizhov, M. V. and Petcov, S. T.},
  date = {1999-08-09},
  journaltitle = {Phys. Rev. Lett.},
  volume = {83},
  pages = {1096--1099},
  issn = {0031-9007, 1079-7114},
  doi = {10.1103/PhysRevLett.83.1096},
  abstract = {A new effect of total neutrino conversion is possible when neutrino propagates through multi-layer medium of nonperiodic constant density layers. The effect can take place in the oscillations in the Earth of the Earth-core-crossing solar and atmospheric neutrinos.},
  archiveprefix = {arXiv},
  eprint = {hep-ph/9903399},
  eprinttype = {arxiv},
  file = {C\:\\Users\\Martin\\Zotero\\storage\\GYGLZ7LY\\Chizhov and Petcov - 1999 - New Conditions for a Total Neutrino Conversion in .pdf;C\:\\Users\\Martin\\Zotero\\storage\\2TPIWRLF\\9903399.html},
  keywords = {Astrophysics,High Energy Physics - Phenomenology},
  number = {6}
}

@article{choubeyProbingDeviationMaximal2006,
  title = {Probing the Deviation from Maximal Mixing of Atmospheric Neutrinos},
  author = {Choubey, Sandhya and Roy, Probir},
  date = {2006-01-17},
  journaltitle = {Phys. Rev. D},
  volume = {73},
  pages = {013006},
  issn = {1550-7998, 1550-2368},
  doi = {10.1103/PhysRevD.73.013006},
  abstract = {Pioneering atmospheric muon neutrino experiments have demonstrated the near-maximal magnitude of the flavor mixing angle \$\textbackslash theta\_\{23\}\$. But the precise value of the deviation \$D \textbackslash equiv 1/2 - \textbackslash sin\^2 \textbackslash theta\_\{23\}\$ from maximality (if nonzero) needs to be known, being of great interest -- especially to builders of neutrino mass and mixing models. We quantitatively investigate in a three generation framework the feasibility of determining \$D\$ in a statistically significant manner from studies of the atmospheric \$\textbackslash nu\_\textbackslash mu,\textbackslash bar\textbackslash nu\_\textbackslash mu\$ survival probability including both vacuum oscillations and matter effects. We show how this determination will be sharpened by considering the up-down ratios of observed \$\textbackslash nu\_\textbackslash mu\$- and \$\textbackslash bar\textbackslash nu\_\textbackslash mu\$-induced events and the differences of these ratios in specified energy and zenith angle bins. We consider 1 Megaton year of exposure to a magnetized iron calorimeter such as the proposed INO detector ICAL, taking into account both energy and zenith angle resolution functions. The sensitivity of such an exposure and the dependence of the determination of \$D\$ on the concerned oscillation parameters are discussed in detail. The vital use of matter effects in fixing the octant of \$\textbackslash theta\_\{23\}\$ is highlighted.},
  archiveprefix = {arXiv},
  eprint = {hep-ph/0509197},
  eprinttype = {arxiv},
  file = {C\:\\Users\\Martin\\Zotero\\storage\\6ZTSITD8\\Choubey and Roy - 2006 - Probing the deviation from maximal mixing of atmos.pdf;C\:\\Users\\Martin\\Zotero\\storage\\64RX2H9Q\\0509197.html},
  keywords = {Astrophysics,High Energy Physics - Experiment,High Energy Physics - Phenomenology},
  number = {1}
}

@article{choubeySignatureSterileSpecies2007,
  title = {Signature of Sterile Species in Atmospheric Neutrino Data at Neutrino Telescopes},
  author = {Choubey, Sandhya},
  date = {2007-12-04},
  journaltitle = {J. High Energy Phys.},
  volume = {2007},
  pages = {014--014},
  issn = {1029-8479},
  doi = {10.1088/1126-6708/2007/12/014},
  abstract = {The MiniBooNE results have still not been able to comprehensively rule out the oscillation interpretation of the LSND experiment. So far the so-called short baseline experiments with energy in the MeV range and baseline of few meters have been probing the existence of sterile neutrinos. We show how signatures of these extra sterile states could be obtained in TeV energy range atmospheric neutrinos travelling distances of thousands of kilometers. Atmospheric neutrinos in the TeV range would be detected by the upcoming neutrino telescopes. Of course vacuum oscillations of these neutrinos would be very small. However, we show that resonant matter effects inside the Earth could enhance these very tiny oscillations into near-maximal transitions, which should be hard to miss. We show that imprint of sterile neutrinos could be unambiguously obtained in this high energy atmospheric neutrino event sample. Not only would neutrino telescopes tell the presence of sterile neutrinos, it should also be possible for them to distinguish between the different possible mass and mixing scenarios with additional sterile states.},
  archiveprefix = {arXiv},
  eprint = {0709.1937},
  eprinttype = {arxiv},
  file = {C\:\\Users\\Martin\\Zotero\\storage\\YKQCNIX3\\Choubey - 2007 - Signature of sterile species in atmospheric neutri.pdf;C\:\\Users\\Martin\\Zotero\\storage\\SFN2GEQK\\0709.html},
  keywords = {Astrophysics,High Energy Physics - Experiment,High Energy Physics - Phenomenology},
  number = {12}
}

@online{CombinedStudySource,
  title = {A Combined Study of Source, Detector and Matter Non-Standard Neutrino Interactions at {{DUNE}} - {{INSPIRE}}},
  url = {https://inspirehep.net/literature/1472966},
  urldate = {2021-03-15},
  file = {C\:\\Users\\Martin\\Zotero\\storage\\K5K2XFDU\\A combined study of source, detector and matter no.pdf;C\:\\Users\\Martin\\Zotero\\storage\\9NZRHMYG\\1472966.html},
  keywords = {nsi}
}

@article{DC2018mudisappearance,
  title = {Measurement of {{Atmospheric Neutrino Oscillations}} at 6--56 {{GeV}} with {{IceCube DeepCore}}},
  author = {{IceCube Collaboration} and Aartsen, M. G. and Ackermann, M. and Adams, J. and Aguilar, J. A. and Ahlers, M. and Ahrens, M. and Al Samarai, I. and Altmann, D. and Andeen, K. and Anderson, T. and Ansseau, I. and Anton, G. and Argüelles, C. and Auffenberg, J. and Axani, S. and Bagherpour, H. and Bai, X. and Barron, J. P. and Barwick, S. W. and Baum, V. and Bay, R. and Beatty, J. J. and Becker Tjus, J. and Becker, K.-H. and BenZvi, S. and Berley, D. and Bernardini, E. and Besson, D. Z. and Binder, G. and Bindig, D. and Blaufuss, E. and Blot, S. and Bohm, C. and Börner, M. and Bos, F. and Bose, D. and Böser, S. and Botner, O. and Bourbeau, J. and Bradascio, F. and Braun, J. and Brayeur, L. and Brenzke, M. and Bretz, H.-P. and Bron, S. and Brostean-Kaiser, J. and Burgman, A. and Carver, T. and Casey, J. and Casier, M. and Cheung, E. and Chirkin, D. and Christov, A. and Clark, K. and Classen, L. and Coenders, S. and Collin, G. H. and Conrad, J. M. and Cowen, D. F. and Cross, R. and Day, M. and de André, J. P. A. M. and De Clercq, C. and DeLaunay, J. J. and Dembinski, H. and De Ridder, S. and Desiati, P. and de Vries, K. D. and de Wasseige, G. and de With, M. and DeYoung, T. and Díaz-Vélez, J. C. and di Lorenzo, V. and Dujmovic, H. and Dumm, J. P. and Dunkman, M. and Eberhardt, B. and Ehrhardt, T. and Eichmann, B. and Eller, P. and Evenson, P. A. and Fahey, S. and Fazely, A. R. and Felde, J. and Filimonov, K. and Finley, C. and Flis, S. and Franckowiak, A. and Friedman, E. and Fuchs, T. and Gaisser, T. K. and Gallagher, J. and Gerhardt, L. and Ghorbani, K. and Giang, W. and Glauch, T. and Glüsenkamp, T. and Goldschmidt, A. and Gonzalez, J. G. and Grant, D. and Griffith, Z. and Haack, C. and Hallgren, A. and Halzen, F. and Hanson, K. and Hebecker, D. and Heereman, D. and Helbing, K. and Hellauer, R. and Hickford, S. and Hignight, J. and Hill, G. C. and Hoffman, K. D. and Hoffmann, R. and Hokanson-Fasig, B. and Hoshina, K. and Huang, F. and Huber, M. and Hultqvist, K. and Hünnefeld, M. and In, S. and Ishihara, A. and Jacobi, E. and Japaridze, G. S. and Jeong, M. and Jero, K. and Jones, B. J. P. and Kalaczynski, P. and Kang, W. and Kappes, A. and Karg, T. and Karle, A. and Katz, U. and Kauer, M. and Keivani, A. and Kelley, J. L. and Kheirandish, A. and Kim, J. and Kim, M. and Kintscher, T. and Kiryluk, J. and Kittler, T. and Klein, S. R. and Kohnen, G. and Koirala, R. and Kolanoski, H. and Köpke, L. and Kopper, C. and Kopper, S. and Koschinsky, J. P. and Koskinen, D. J. and Kowalski, M. and Krings, K. and Kroll, M. and Krückl, G. and Kunnen, J. and Kunwar, S. and Kurahashi, N. and Kuwabara, T. and Kyriacou, A. and Labare, M. and Lanfranchi, J. L. and Larson, M. J. and Lauber, F. and Lennarz, D. and Lesiak-Bzdak, M. and Leuermann, M. and Liu, Q. R. and Lu, L. and Lünemann, J. and Luszczak, W. and Madsen, J. and Maggi, G. and Mahn, K. B. M. and Mancina, S. and Maruyama, R. and Mase, K. and Maunu, R. and McNally, F. and Meagher, K. and Medici, M. and Meier, M. and Menne, T. and Merino, G. and Meures, T. and Miarecki, S. and Micallef, J. and Momenté, G. and Montaruli, T. and Moore, R. W. and Moulai, M. and Nahnhauer, R. and Nakarmi, P. and Naumann, U. and Neer, G. and Niederhausen, H. and Nowicki, S. C. and Nygren, D. R. and Obertacke Pollmann, A. and Olivas, A. and O’Murchadha, A. and Palczewski, T. and Pandya, H. and Pankova, D. V. and Peiffer, P. and Pepper, J. A. and Pérez de los Heros, C. and Pieloth, D. and Pinat, E. and Plum, M. and Price, P. B. and Przybylski, G. T. and Raab, C. and Rädel, L. and Rameez, M. and Rawlins, K. and Rea, I. C. and Reimann, R. and Relethford, B. and Relich, M. and Resconi, E. and Rhode, W. and Richman, M. and Robertson, S. and Rongen, M. and Rott, C. and Ruhe, T. and Ryckbosch, D. and Rysewyk, D. and Sälzer, T. and Sanchez Herrera, S. E. and Sandrock, A. and Sandroos, J. and Sarkar, S. and Sarkar, S. and Satalecka, K. and Schlunder, P. and Schmidt, T. and Schneider, A. and Schoenen, S. and Schöneberg, S. and Schumacher, L. and Seckel, D. and Seunarine, S. and Soedingrekso, J. and Soldin, D. and Song, M. and Spiczak, G. M. and Spiering, C. and Stachurska, J. and Stamatikos, M. and Stanev, T. and Stasik, A. and Stettner, J. and Steuer, A. and Stezelberger, T. and Stokstad, R. G. and Stößl, A. and Strotjohann, N. L. and Sullivan, G. W. and Sutherland, M. and Taboada, I. and Tatar, J. and Tenholt, F. and Ter-Antonyan, S. and Terliuk, A. and Tešić, G. and Tilav, S. and Toale, P. A. and Tobin, M. N. and Toscano, S. and Tosi, D. and Tselengidou, M. and Tung, C. F. and Turcati, A. and Turley, C. F. and Ty, B. and Unger, E. and Usner, M. and Vandenbroucke, J. and Van Driessche, W. and van Eijndhoven, N. and Vanheule, S. and van Santen, J. and Vehring, M. and Vogel, E. and Vraeghe, M. and Walck, C. and Wallace, A. and Wallraff, M. and Wandler, F. D. and Wandkowsky, N. and Waza, A. and Weaver, C. and Weiss, M. J. and Wendt, C. and Werthebach, J. and Westerhoff, S. and Whelan, B. J. and Wiebe, K. and Wiebusch, C. H. and Wille, L. and Williams, D. R. and Wills, L. and Wolf, M. and Wood, J. and Wood, T. R. and Woolsey, E. and Woschnagg, K. and Xu, D. L. and Xu, X. W. and Xu, Y. and Yanez, J. P. and Yodh, G. and Yoshida, S. and Yuan, T. and Zoll, M.},
  date = {2018-02-13},
  journaltitle = {Phys. Rev. Lett.},
  volume = {120},
  pages = {071801},
  publisher = {{American Physical Society}},
  doi = {10.1103/PhysRevLett.120.071801},
  abstract = {We present a measurement of the atmospheric neutrino oscillation parameters using three years of data from the IceCube Neutrino Observatory. The DeepCore infill array in the center of IceCube enables the detection and reconstruction of neutrinos produced by the interaction of cosmic rays in Earth’s atmosphere at energies as low as ∼5 GeV. That energy threshold permits measurements of muon neutrino disappearance, over a range of baselines up to the diameter of the Earth, probing the same range of L/Eν as long-baseline experiments but with substantially higher-energy neutrinos. This analysis uses neutrinos from the full sky with reconstructed energies from 5.6 to 56 GeV. We measure Δm232=2.31+0.11−0.13×10−3 eV2 and sin2θ23=0.51+0.07−0.09, assuming normal neutrino mass ordering. These results are consistent with, and of similar precision to, those from accelerator- and reactor-based experiments.},
  file = {C\:\\Users\\Martin\\Zotero\\storage\\MBQTBLVV\\IceCube Collaboration et al. - 2018 - Measurement of Atmospheric Neutrino Oscillations a.pdf;C\:\\Users\\Martin\\Zotero\\storage\\HNU249MT\\PhysRevLett.120.html},
  keywords = {article},
  number = {7},
  options = {useprefix=true}
}

@online{DC2019data,
  title = {Three-Year High-Statistics Neutrino Oscillation Samples.},
  author = {{IceCube Collaboration}},
  date = {2019},
  doi = {10.21234/ac23-ra43},
  abstract = {Introduction In 2013, IceCube reported its first measurement of the neutrino oscillation parameters. This was the first time that neutrino oscillations were measured with precision at energies above 10 GeV. A year later, the collaboration presented a second analysis with three years of data that improved the precision by a factor of ten. The IceCube ...},
  keywords = {article},
  langid = {american},
  organization = {{Three-year high-statistics neutrino oscillation samples.}}
}

@article{DC2019tauappearance,
  title = {Measurement of Atmospheric Tau Neutrino Appearance with {{IceCube DeepCore}}},
  author = {{IceCube Collaboration 1} and Aartsen, M. G. and Ackermann, M. and Adams, J. and Aguilar, J. A. and Ahlers, M. and Ahrens, M. and Altmann, D. and Andeen, K. and Anderson, T. and Ansseau, I. and Anton, G. and Argüelles, C. and Auffenberg, J. and Axani, S. and Backes, P. and Bagherpour, H. and Bai, X. and Barbano, A. and Barron, J. P. and Barwick, S. W. and Baum, V. and Bay, R. and Beatty, J. J. and Becker, K.-H. and Becker Tjus, J. and BenZvi, S. and Berley, D. and Bernardini, E. and Besson, D. Z. and Binder, G. and Bindig, D. and Blaufuss, E. and Blot, S. and Bohm, C. and Börner, M. and Böser, S. and Botner, O. and Bourbeau, E. and Bourbeau, J. and Bradascio, F. and Braun, J. and Bretz, H.-P. and Bron, S. and Brostean-Kaiser, J. and Burgman, A. and Busse, R. S. and Carver, T. and Chen, C. and Cheung, E. and Chirkin, D. and Clark, K. and Classen, L. and Collin, G. H. and Conrad, J. M. and Coppin, P. and Correa, P. and Cowen, D. F. and Cross, R. and Dave, P. and de André, J. P. A. M. and De Clercq, C. and DeLaunay, J. J. and Dembinski, H. and Deoskar, K. and De Ridder, S. and Desiati, P. and de Vries, K. D. and de Wasseige, G. and de With, M. and DeYoung, T. and Díaz-Vélez, J. C. and Dujmovic, H. and Dunkman, M. and Dvorak, E. and Eberhardt, B. and Ehrhardt, T. and Eller, P. and Evenson, P. A. and Fahey, S. and Fazely, A. R. and Felde, J. and Filimonov, K. and Finley, C. and Franckowiak, A. and Friedman, E. and Fritz, A. and Gaisser, T. K. and Gallagher, J. and Ganster, E. and Garrappa, S. and Gerhardt, L. and Ghorbani, K. and Giang, W. and Glauch, T. and Glüsenkamp, T. and Goldschmidt, A. and Gonzalez, J. G. and Grant, D. and Griffith, Z. and Gündüz, M. and Haack, C. and Hallgren, A. and Halve, L. and Halzen, F. and Hanson, K. and Hebecker, D. and Heereman, D. and Helbing, K. and Hellauer, R. and Henningsen, F. and Hickford, S. and Hignight, J. and Hill, G. C. and Hoffman, K. D. and Hoffmann, R. and Hoinka, T. and Hokanson-Fasig, B. and Hoshina, K. and Huang, F. and Huber, M. and Hultqvist, K. and Hünnefeld, M. and Hussain, R. and In, S. and Iovine, N. and Ishihara, A. and Jacobi, E. and Japaridze, G. S. and Jeong, M. and Jero, K. and Jones, B. J. P. and Kalaczynski, P. and Kang, W. and Kappes, A. and Kappesser, D. and Karg, T. and Karl, M. and Karle, A. and Katz, U. and Kauer, M. and Keivani, A. and Kelley, J. L. and Kheirandish, A. and Kim, J. and Kintscher, T. and Kiryluk, J. and Kittler, T. and Klein, S. R. and Koirala, R. and Kolanoski, H. and Köpke, L. and Kopper, C. and Kopper, S. and Koskinen, D. J. and Kowalski, M. and Krings, K. and Krückl, G. and Kunwar, S. and Kurahashi, N. and Kyriacou, A. and Labare, M. and Lanfranchi, J. L. and Larson, M. J. and Lauber, F. and Lazar, J. P. and Leonard, K. and Leuermann, M. and Liu, Q. R. and Lohfink, E. and Lozano Mariscal, C. J. and Lu, L. and Lünemann, J. and Luszczak, W. and Madsen, J. and Maggi, G. and Mahn, K. B. M. and Makino, Y. and Mallot, K. and Mancina, S. and Mariş, I. C. and Maruyama, R. and Mase, K. and Maunu, R. and Meagher, K. and Medici, M. and Medina, A. and Meier, M. and Meighen-Berger, S. and Menne, T. and Merino, G. and Meures, T. and Miarecki, S. and Micallef, J. and Momenté, G. and Montaruli, T. and Moore, R. W. and Moulai, M. and Nagai, R. and Nahnhauer, R. and Nakarmi, P. and Naumann, U. and Neer, G. and Niederhausen, H. and Nowicki, S. C. and Nygren, D. R. and Obertacke Pollmann, A. and Olivas, A. and O’Murchadha, A. and O’Sullivan, E. and Palczewski, T. and Pandya, H. and Pankova, D. V. and Park, N. and Peiffer, P. and Pérez de los Heros, C. and Pieloth, D. and Pinat, E. and Pizzuto, A. and Plum, M. and Price, P. B. and Przybylski, G. T. and Raab, C. and Raissi, A. and Rameez, M. and Rauch, L. and Rawlins, K. and Rea, I. C. and Reimann, R. and Relethford, B. and Renzi, G. and Resconi, E. and Rhode, W. and Richman, M. and Robertson, S. and Rongen, M. and Rott, C. and Ruhe, T. and Ryckbosch, D. and Rysewyk, D. and Safa, I. and Sanchez Herrera, S. E. and Sandrock, A. and Sandroos, J. and Santander, M. and Sarkar, S. and Sarkar, S. and Satalecka, K. and Schaufel, M. and Schlunder, P. and Schmidt, T. and Schneider, A. and Schneider, J. and Schumacher, L. and Sclafani, S. and Seckel, D. and Seunarine, S. and Silva, M. and Snihur, R. and Soedingrekso, J. and Soldin, D. and Song, M. and Spiczak, G. M. and Spiering, C. and Stachurska, J. and Stamatikos, M. and Stanev, T. and Stasik, A. and Stein, R. and Stettner, J. and Steuer, A. and Stezelberger, T. and Stokstad, R. G. and Stößl, A. and Strotjohann, N. L. and Stuttard, T. and Sullivan, G. W. and Sutherland, M. and Taboada, I. and Tenholt, F. and Ter-Antonyan, S. and Terliuk, A. and Tilav, S. and Tomankova, L. and Tönnis, C. and Toscano, S. and Tosi, D. and Tselengidou, M. and Tung, C. F. and Turcati, A. and Turcotte, R. and Turley, C. F. and Ty, B. and Unger, E. and Unland Elorrieta, M. A. and Usner, M. and Vandenbroucke, J. and Van Driessche, W. and van Eijk, D. and van Eijndhoven, N. and Vanheule, S. and van Santen, J. and Vraeghe, M. and Walck, C. and Wallace, A. and Wallraff, M. and Wandkowsky, N. and Wandler, F. D. and Watson, T. B. and Weaver, C. and Weiss, M. J. and Weldert, J. and Wendt, C. and Werthebach, J. and Westerhoff, S. and Whelan, B. J. and Whitehorn, N. and Wiebe, K. and Wiebusch, C. H. and Wille, L. and Williams, D. R. and Wills, L. and Wolf, M. and Wood, J. and Wood, T. R. and Woolsey, E. and Woschnagg, K. and Wrede, G. and Xu, D. L. and Xu, X. W. and Xu, Y. and Yanez, J. P. and Yodh, G. and Yoshida, S. and Yuan, T.},
  date = {2019-02-15},
  journaltitle = {Phys. Rev. D},
  volume = {99},
  pages = {032007},
  publisher = {{American Physical Society}},
  doi = {10.1103/PhysRevD.99.032007},
  abstract = {We present a measurement of atmospheric tau neutrino appearance from oscillations with three years of data from the DeepCore subarray of the IceCube Neutrino Observatory. This analysis uses atmospheric neutrinos from the full sky with reconstructed energies between 5.6 and 56 GeV to search for a statistical excess of cascadelike neutrino events which are the signature of ντ interactions. For CC+NC (CC-only) interactions, we measure the tau neutrino normalization to be 0.73+0.30−0.24 (0.57+0.36−0.30) and exclude the absence of tau neutrino oscillations at a significance of 3.2σ (2.0σ) These results are consistent with, and of similar precision to, a confirmatory IceCube analysis also presented, as well as measurements performed by other experiments.},
  file = {C\:\\Users\\Martin\\Zotero\\storage\\MPYILD5B\\IceCube Collaboration 1 et al. - 2019 - Measurement of atmospheric tau neutrino appearance.pdf;C\:\\Users\\Martin\\Zotero\\storage\\IW8L7V82\\PhysRevD.99.html},
  keywords = {article},
  number = {3},
  options = {useprefix=true}
}

@book{delosherosProbingParticlePhysics2020,
  title = {Probing {{Particle Physics}} with {{Neutrino Telescopes}}},
  author = {de los Heros, Carlos Pérez},
  date = {2020-01},
  publisher = {{WORLD SCIENTIFIC}},
  doi = {10.1142/11122},
  file = {C\:\\Users\\Martin\\Zotero\\storage\\KDX4KH8R\\de los Heros - 2020 - Probing Particle Physics with Neutrino Telescopes.pdf},
  isbn = {978-981-327-501-0 978-981-327-502-7},
  langid = {english},
  options = {useprefix=true}
}

@online{demidov,
  title = {Bounds on Non-Standard Interactions of Neutrinos from {{IceCube DeepCore}} Data - {{INSPIRE}}},
  url = {https://inspirehep.net/literature/1769239},
  urldate = {2021-03-31},
  file = {C\:\\Users\\Martin\\Zotero\\storage\\KJJRDIB4\\Bounds on non-standard interactions of neutrinos f.pdf;C\:\\Users\\Martin\\Zotero\\storage\\I9IE6CP3\\1769239.html}
}

@article{dentonNeutrinoOscillationsMatter2020,
  title = {Neutrino Oscillations in Matter via Eigenvalues},
  author = {Denton, Peter B. and Parke, Stephen J. and Zhang, Xining},
  date = {2020-05-01},
  journaltitle = {Phys. Rev. D},
  volume = {101},
  pages = {093001},
  issn = {2470-0010, 2470-0029},
  doi = {10.1103/PhysRevD.101.093001},
  file = {C\:\\Users\\Martin\\Zotero\\storage\\K5S9GV9L\\Denton et al. - 2020 - Neutrino oscillations in matter via eigenvalues.pdf},
  langid = {english},
  number = {9}
}

@article{dicrescenzoSearchSterileNeutrino2016,
  title = {Search for Sterile Neutrino Mixing in the Muon Neutrino to Tau Neutrino Appearance Channel with the {{OPERA}} Detector},
  author = {Di Crescenzo, A and {OPERA Collaboration}},
  date = {2016-05},
  journaltitle = {J. Phys.: Conf. Ser.},
  volume = {718},
  pages = {062016},
  issn = {1742-6588, 1742-6596},
  doi = {10.1088/1742-6596/718/6/062016},
  abstract = {The OPERA experiment observed νµ → ντ oscillations in the atmospheric sector. To this purpose the hybrid OPERA detector was exposed to the CERN Neutrinos to Gran Sasso beam from 2008 to 2012, at a distance of 730 km from the neutrino source. Charged-current interactions of ντ were searched for through the identification of τ lepton decay topologies. The five observed ντ interactions are consistent with the expected number of events in the standard three neutrino framework. Based on this result, new limits on the mixing parameters of a massive sterile neutrino may be set. Preliminary results of the analysis performed in the 3+1 neutrino framework are here presented.},
  file = {C\:\\Users\\Martin\\Zotero\\storage\\6DRP8TZC\\Di Crescenzo and OPERA Collaboration - 2016 - Search for sterile neutrino mixing in the muon neu.pdf},
  langid = {english},
  number = {6}
}

@article{doniniMinimalModelsLight2011,
  title = {Minimal Models with Light Sterile Neutrinos},
  author = {Donini, A. and Hernandez, P. and Lopez-Pavon, J. and Maltoni, M.},
  date = {2011-07},
  journaltitle = {J. High Energ. Phys.},
  volume = {2011},
  pages = {105},
  issn = {1029-8479},
  doi = {10.1007/JHEP07(2011)105},
  abstract = {We study the constraints imposed by neutrino oscillation experiments on the minimal extensions of the Standard Model (SM) with \$n\_R\$ gauge singlet fermions ("right-handed neutrinos"), that can account for neutrino masses. We consider the most general coupling to SM fields of the new fields, in particular those that break lepton number and we do not assume any a priori hierarchy in the mass parameters. We proceed to analyze these models starting from the lowest level of complexity, defined by the number of extra fermionic degrees of freedom. The simplest choice that has enough free parameters in principle (i.e. two mass differences and two angles) to explain the confirmed solar and atmospheric oscillations corresponds to \$n\_R=1\$. This minimal choice is shown to be excluded by data. The next-to-minimal choice corresponds to \$n\_R=2\$. We perform a systematic study of the full parameter space in the limit of degenerate Majorana masses by requiring that at least two neutrino mass differences correspond to those established by solar and atmospheric oscillations. We identify several types of spectra that can fit long-baseline reactor and accelerator neutrino oscillation data, but fail in explaining solar and/or atmospheric data. The only two solutions that survive are the expected seesaw and quasi-Dirac regions, for which we set lower and upper bounds respectively on the Majorana mass scale. Solar data from neutral current measurements provide essential information to constrain the quasi-Dirac region. The possibility to accommodate the LSND/MiniBoone and reactor anomalies, and the implications for neutrinoless double-beta decay and tritium beta decay are briefly discussed.},
  archiveprefix = {arXiv},
  eprint = {1106.0064},
  eprinttype = {arxiv},
  file = {C\:\\Users\\Martin\\Zotero\\storage\\4DI3EG8F\\Donini et al. - 2011 - Minimal models with light sterile neutrinos.pdf;C\:\\Users\\Martin\\Zotero\\storage\\2R3Y5RT5\\1106.html},
  keywords = {High Energy Physics - Phenomenology},
  number = {7}
}

@online{dunecollaborationProspectsStandardModel2020,
  title = {Prospects for {{Beyond}} the {{Standard Model Physics Searches}} at the {{Deep Underground Neutrino Experiment}}},
  author = {DUNE Collaboration and Abi, B. and Acciarri, R. and Acero, M. A. and Adamov, G. and Adams, D. and Adinolfi, M. and Ahmad, Z. and Ahmed, J. and Alion, T. and Monsalve, S. Alonso and Alt, C. and Anderson, J. and Andreopoulos, C. and Andrews, M. P. and Andrianala, F. and Andringa, S. and Ankowski, A. and Antonova, M. and Antusch, S. and Aranda-Fernandez, A. and Ariga, A. and Arnold, L. O. and Arroyave, M. A. and Asaadi, J. and Aurisano, A. and Aushev, V. and Autiero, D. and Azfar, F. and Back, H. and Back, J. J. and Backhouse, C. and Baesso, P. and Bagby, L. and Bajou, R. and Balasubramanian, S. and Baldi, P. and Bambah, B. and Barao, F. and Barenboim, G. and Barker, G. J. and Barkhouse, W. and Barnes, C. and Barr, G. and Monarca, J. Barranco and Barros, N. and Barrow, J. L. and Bashyal, A. and Basque, V. and Bay, F. and Alba, J. L. Bazo and Beacom, J. F. and Bechetoille, E. and Behera, B. and Bellantoni, L. and Bellettini, G. and Bellini, V. and Beltramello, O. and Belver, D. and Benekos, N. and Neves, F. Bento and Berger, J. and Berkman, S. and Bernardini, P. and Berner, R. M. and Berns, H. and Bertolucci, S. and Betancourt, M. and Bezawada, Y. and Bhattacharjee, M. and Bhuyan, B. and Biagi, S. and Bian, J. and Biassoni, M. and Biery, K. and Bilki, B. and Bishai, M. and Bitadze, A. and Blake, A. and Siffert, B. Blanco and Blaszczyk, F. D. M. and Blazey, G. C. and Blucher, E. and Boissevain, J. and Bolognesi, S. and Bolton, T. and Bonesini, M. and Bongrand, M. and Bonini, F. and Booth, A. and Booth, C. and Bordoni, S. and Borkum, A. and Boschi, T. and Bostan, N. and Bour, P. and Boyd, S. B. and Boyden, D. and Bracinik, J. and Braga, D. and Brailsford, D. and Brandt, A. and Bremer, J. and Brew, C. and Brianne, E. and Brice, S. J. and Brizzolari, C. and Bromberg, C. and Brooijmans, G. and Brooke, J. and Bross, A. and Brunetti, G. and Buchanan, N. and Budd, H. and Caiulo, D. and Calafiura, P. and Calcutt, J. and Calin, M. and Calvez, S. and Calvo, E. and Camilleri, L. and Caminata, A. and Campanelli, M. and Caratelli, D. and Carini, G. and Carlus, B. and Carniti, P. and Terrazas, I. Caro and Carranza, H. and Castillo, A. and Castromonte, C. and Cattadori, C. and Cavalier, F. and Cavanna, F. and Centro, S. and Cerati, G. and Cervelli, A. and Villanueva, A. Cervera and Chalifour, M. and Chang, C. and Chardonnet, E. and Chatterjee, A. and Chattopadhyay, S. and Chaves, J. and Chen, H. and Chen, M. and Chen, Y. and Cherdack, D. and Chi, C. and Childress, S. and Chiriacescu, A. and Cho, K. and Choubey, S. and Christensen, A. and Christian, D. and Christodoulou, G. and Church, E. and Clarke, P. and Coan, T. E. and Cocco, A. G. and Coelho, J. A. B. and Conley, E. and Conrad, J. M. and Convery, M. and Corwin, L. and Cotte, P. and Cremaldi, L. and Cremonesi, L. and Crespo-Anadón, J. I. and Cristaldo, E. and Cross, R. and Cuesta, C. and Cui, Y. and Cussans, D. and Dabrowski, M. and da Motta, H. and Peres, L. Da Silva and David, C. and David, Q. and Davies, G. S. and Davini, S. and Dawson, J. and De, K. and De Almeida, R. M. and Debbins, P. and De Bonis, I. and Decowski, M. P. and de Gouvêa, A. and De Holanda, P. C. and Astiz, I. L. De Icaza and Deisting, A. and De Jong, P. and Delbart, A. and Delepine, D. and Delgado, M. and Dell'Acqua, A. and De Lurgio, P. and Neto, J. R. T. de Mello and DeMuth, D. M. and Dennis, S. and Densham, C. and Deptuch, G. and De Roeck, A. and De Romeri, V. and De Vries, J. J. and Dharmapalan, R. and Dias, M. and Diaz, F. and Díaz, J. S. and Di Domizio, S. and Di Giulio, L. and Ding, P. and Di Noto, L. and Distefano, C. and Diurba, R. and Diwan, M. and Djurcic, Z. and Dokania, N. and Dolinski, M. J. and Domine, L. and Douglas, D. and Drielsma, F. and Duchesneau, D. and Duffy, K. and Dunne, P. and Durkin, T. and Duyang, H. and Dvornikov, O. and Dwyer, D. A. and Dyshkant, A. S. and Eads, M. and Edmunds, D. and Eisch, J. and Emery, S. and Ereditato, A. and Escobar, C. O. and Sanchez, L. Escudero and Evans, J. J. and Ewart, E. and Ezeribe, A. C. and Fahey, K. and Falcone, A. and Farnese, C. and Farzan, Y. and Felix, J. and Fernandez-Martinez, E. and Menendez, P. Fernandez and Ferraro, F. and Fields, L. and Filkins, A. and Filthaut, F. and Fitzpatrick, R. S. and Flanagan, W. and Fleming, B. and Flight, R. and Fowler, J. and Fox, W. and Franc, J. and Francis, K. and Franco, D. and Freeman, J. and Freestone, J. and Fried, J. and Friedland, A. and Fuess, S. and Furic, I. and Furmanski, A. P. and Gago, A. and Gallagher, H. and Gallego-Ros, A. and Gallice, N. and Galymov, V. and Gamberini, E. and Gamble, T. and Gandhi, R. and Gandrajula, R. and Gao, S. and Garcia-Gamez, D. and García-Peris, M. Á and Gardiner, S. and Gastler, D. and Ge, G. and Gelli, B. and Gendotti, A. and Gent, S. and Ghorbani-Moghaddam, Z. and Gibin, D. and Gil-Botella, I. and Girerd, C. and Giri, A. K. and Gnani, D. and Gogota, O. and Gold, M. and Gollapinni, S. and Gollwitzer, K. and Gomes, R. A. and Bermeo, L. V. Gomez and Fajardo, L. S. Gomez and Gonnella, F. and Gonzalez-Cuevas, J. A. and Goodman, M. C. and Goodwin, O. and Goswami, S. and Gotti, C. and Goudzovski, E. and Grace, C. and Graham, M. and Gramellini, E. and Gran, R. and Granados, E. and Grant, A. and Grant, C. and Gratieri, D. and Green, P. and Green, S. and Greenler, L. and Greenwood, M. and Greer, J. and Griffith, W. C. and Groh, M. and Grudzinski, J. and Grzelak, K. and Gu, W. and Guarino, V. and Guenette, R. and Guglielmi, A. and Guo, B. and Guthikonda, K. K. and Gutierrez, R. and Guzowski, P. and Guzzo, M. M. and Gwon, S. and Habig, A. and Hackenburg, A. and Hadavand, H. and Haenni, R. and Hahn, A. and Haigh, J. and Haiston, J. and Hamernik, T. and Hamilton, P. and Han, J. and Harder, K. and Harris, D. A. and Hartnell, J. and Hasegawa, T. and Hatcher, R. and Hazen, E. and Heavey, A. and Heeger, K. M. and Heise, J. and Hennessy, K. and Henry, S. and Morquecho, M. A. Hernandez and Herner, K. and Hertel, L. and Hesam, A. S. and Hewes, J. and Higuera, A. and Hill, T. and Hillier, S. J. and Himmel, A. and Hoff, J. and Hohl, C. and Holin, A. and Hoppe, E. and Horton-Smith, G. A. and Hostert, M. and Hourlier, A. and Howard, B. and Howell, R. and Huang, J. and Huang, J. and Hugon, J. and Iles, G. and Ilic, N. and Iliescu, A. M. and Illingworth, R. and Ioannisian, A. and Itay, R. and Izmaylov, A. and James, E. and Jargowsky, B. and Jediny, F. and Jesùs-Valls, C. and Ji, X. and Jiang, L. and Jiménez, S. and Jipa, A. and Joglekar, A. and Johnson, C. and Johnson, R. and Jones, B. and Jones, S. and Jung, C. K. and Junk, T. and Jwa, Y. and Kabirnezhad, M. and Kaboth, A. and Kadenko, I. and Kamiya, F. and Karagiorgi, G. and Karcher, A. and Karolak, M. and Karyotakis, Y. and Kasai, S. and Kasetti, S. P. and Kashur, L. and Kazaryan, N. and Kearns, E. and Keener, P. and Kelly, K. J. and Kemp, E. and Ketchum, W. and Kettell, S. H. and Khabibullin, M. and Khotjantsev, A. and Khvedelidze, A. and Kim, D. and King, B. and Kirby, B. and Kirby, M. and Klein, J. and Koehler, K. and Koerner, L. W. and Kohn, S. and Koller, P. P. and Kordosky, M. and Kosc, T. and Kose, U. and Kostelecký, V. A. and Kothekar, K. and Krennrich, F. and Kreslo, I. and Kudenko, Y. and Kudryavtsev, V. A. and Kulagin, S. and Kumar, J. and Kumar, R. and Kuruppu, C. and Kus, V. and Kutter, T. and Lambert, A. and Lande, K. and Lane, C. E. and Lang, K. and Langford, T. and Lasorak, P. and Last, D. and Lastoria, C. and Laundrie, A. and Lawrence, A. and Lazanu, I. and LaZur, R. and Le, T. and Learned, J. and LeBrun, P. and Miotto, G. Lehmann and Lehnert, R. and de Oliveira, M. A. Leigui and Leitner, M. and Leyton, M. and Li, L. and Li, S. and Li, S. W. and Li, T. and Li, Y. and Liao, H. and Lin, C. S. and Lin, S. and Lister, A. and Littlejohn, B. R. and Liu, J. and Lockwitz, S. and Loew, T. and Lokajicek, M. and Lomidze, I. and Long, K. and Loo, K. and Lorca, D. and Lord, T. and LoSecco, J. M. and Louis, W. C. and Luk, K. B. and Luo, X. and Lurkin, N. and Lux, T. and Luzio, V. P. and MacFarland, D. and Machado, A. A. and Machado, P. and Macias, C. T. and Macier, J. R. and Maddalena, A. and Madigan, P. and Magill, S. and Mahn, K. and Maio, A. and Maloney, J. A. and Mandrioli, G. and Maneira, J. and Manenti, L. and Manly, S. and Mann, A. and Manolopoulos, K. and Plata, M. Manrique and Marchionni, A. and Marciano, W. and Marfatia, D. and Mariani, C. and Maricic, J. and Marinho, F. and Marino, A. D. and Marshak, M. and Marshall, C. and Marshall, J. and Marteau, J. and Martin-Albo, J. and Martinez, N. and Caicedo, D. A. Martinez and Martynenko, S. and Mason, K. and Mastbaum, A. and Masud, M. and Matsuno, S. and Matthews, J. and Mauger, C. and Mauri, N. and Mavrokoridis, K. and Mazza, R. and Mazzacane, A. and Mazzucato, E. and McCluskey, E. and McConkey, N. and McFarland, K. S. and McGrew, C. and McNab, A. and Mefodiev, A. and Mehta, P. and Melas, P. and Mellinato, M. and Mena, O. and Menary, S. and Mendez, H. and Menegolli, A. and Meng, G. and Messier, M. D. and Metcalf, W. and Mewes, M. and Meyer, H. and Miao, T. and Michna, G. and Miedema, T. and Migenda, J. and Milincic, R. and Miller, W. and Mills, J. and Milne, C. and Mineev, O. and Miranda, O. G. and Miryala, S. and Mishra, C. S. and Mishra, S. R. and Mislivec, A. and Mladenov, D. and Mocioiu, I. and Moffat, K. and Moggi, N. and Mohanta, R. and Mohayai, T. A. and Mokhov, N. and Molina, J. and Bueno, L. Molina and Montanari, A. and Montanari, C. and Montanari, D. and Zetina, L. M. Montano and Moon, J. and Mooney, M. and Moor, A. and Moreno, D. and Morgan, B. and Morris, C. and Mossey, C. and Motuk, E. and Moura, C. A. and Mousseau, J. and Mu, W. and Mualem, L. and Mueller, J. and Muether, M. and Mufson, S. and Muheim, F. and Muir, A. and Mulhearn, M. and Muramatsu, H. and Murphy, S. and Musser, J. and Nachtman, J. and Nagu, S. and Nalbandyan, M. and Nandakumar, R. and Naples, D. and Narita, S. and Navas-Nicolás, D. and Nayak, N. and Nebot-Guinot, M. and Necib, L. and Negishi, K. and Nelson, J. K. and Nesbit, J. and Nessi, M. and Newbold, D. and Newcomer, M. and Newhart, D. and Nichol, R. and Niner, E. and Nishimura, K. and Norman, A. and Norrick, A. and Northrop, R. and Novella, P. and Nowak, J. A. and Oberling, M. and Del Campo, A. Olivares and Olivier, A. and Onel, Y. and Onishchuk, Y. and Ott, J. and Pagani, L. and Pakvasa, S. and Palamara, O. and Palestini, S. and Paley, J. M. and Pallavicini, M. and Palomares, C. and Pantic, E. and Paolone, V. and Papadimitriou, V. and Papaleo, R. and Papanestis, A. and Paramesvaran, S. and Park, J. C. and Parke, S. and Parsa, Z. and Parvu, M. and Pascoli, S. and Pasqualini, L. and Pasternak, J. and Pater, J. and Patrick, C. and Patrizii, L. and Patterson, R. B. and Patton, S. J. and Patzak, T. and Paudel, A. and Paulos, B. and Paulucci, L. and Pavlovic, Z. and Pawloski, G. and Payne, D. and Pec, V. and Peeters, S. J. M. and Penichot, Y. and Pennacchio, E. and Penzo, A. and Peres, O. L. G. and Perry, J. and Pershey, D. and Pessina, G. and Petrillo, G. and Petta, C. and Petti, R. and Piastra, F. and Pickering, L. and Pietropaolo, F. and Pillow, J. and Pinzino, J. and Plunkett, R. and Poling, R. and Pons, X. and Poonthottathil, N. and Pordes, S. and Potekhin, M. and Potenza, R. and Potukuchi, B. V. K. S. and Pozimski, J. and Pozzato, M. and Prakash, S. and Prakash, T. and Prince, S. and Prior, G. and Pugnere, D. and Qi, K. and Qian, X. and Raaf, J. L. and Raboanary, R. and Radeka, V. and Rademacker, J. and Radics, B. and Rafique, A. and Raguzin, E. and Rai, M. and Rajaoalisoa, M. and Rakhno, I. and Rakotondramanana, H. T. and Rakotondravohitra, L. and Ramachers, Y. A. and Rameika, R. and Delgado, M. A. Ramirez and Ramson, B. and Rappoldi, A. and Raselli, G. and Ratoff, P. and Ravat, S. and Razafinime, H. and Real, J. S. and Rebel, B. and Redondo, D. and Reggiani-Guzzo, M. and Rehak, T. and Reichenbacher, J. and Reitzner, S. D. and Renshaw, A. and Rescia, S. and Resnati, F. and Reynolds, A. and Riccobene, G. and Rice, L. C. J. and Rielage, K. and Rigaut, Y. and Rivera, D. and Rochester, L. and Roda, M. and Rodrigues, P. and Alonso, M. J. Rodriguez and Rondon, J. Rodriguez and Roeth, A. J. and Rogers, H. and Rosauro-Alcaraz, S. and Rossella, M. and Rout, J. and Roy, S. and Rubbia, A. and Rubbia, C. and Russell, B. and Russell, J. and Ruterbories, D. and Saakyan, R. and Sacerdoti, S. and Safford, T. and Sahu, N. and Sala, P. and Samios, N. and Sanchez, M. C. and Sanders, D. A. and Sankey, D. and Santana, S. and Santos-Maldonado, M. and Saoulidou, N. and Sapienza, P. and Sarasty, C. and Sarcevic, I. and Savage, G. and Savinov, V. and Scaramelli, A. and Scarff, A. and Scarpelli, A. and Schaffer, T. and Schellman, H. and Schlabach, P. and Schmitz, D. and Scholberg, K. and Schukraft, A. and Segreto, E. and Sensenig, J. and Seong, I. and Sergi, A. and Sergiampietri, F. and Sgalaberna, D. and Shaevitz, M. H. and Shafaq, S. and Shamma, M. and Sharma, H. R. and Sharma, R. and Shaw, T. and Shepherd-Themistocleous, C. and Shin, S. and Shooltz, D. and Shrock, R. and Simard, L. and Simos, N. and Sinclair, J. and Sinev, G. and Singh, J. and Singh, J. and Singh, V. and Sipos, R. and Sippach, F. W. and Sirri, G. and Sitraka, A. and Siyeon, K. and Smargianaki, D. and Smith, A. and Smith, A. and Smith, E. and Smith, P. and Smolik, J. and Smy, M. and Snopok, P. and Nunes, M. Soares and Sobel, H. and Soderberg, M. and Salinas, C. J. Solano and Söldner-Rembold, S. and Solomey, N. and Solovov, V. and Sondheim, W. E. and Sorel, M. and Soto-Oton, J. and Sousa, A. and Soustruznik, K. and Spagliardi, F. and Spanu, M. and Spitz, J. and Spooner, N. J. C. and Spurgeon, K. and Staley, R. and Stancari, M. and Stanco, L. and Steiner, H. M. and Stewart, J. and Stillwell, B. and Stock, J. and Stocker, F. and Stokes, T. and Strait, M. and Strauss, T. and Striganov, S. and Stuart, A. and Summers, D. and Surdo, A. and Susic, V. and Suter, L. and Sutera, C. M. and Svoboda, R. and Szczerbinska, B. and Szelc, A. M. and Talaga, R. and Tanaka, H. A. and Oregui, B. Tapia and Tapper, A. and Tariq, S. and Tatar, E. and Tayloe, R. and Teklu, A. M. and Tenti, M. and Terao, K. and Ternes, C. A. and Terranova, F. and Testera, G. and Thea, A. and Thompson, J. L. and Thorn, C. and Timm, S. C. and Todd, J. and Tonazzo, A. and Torti, M. and Tortola, M. and Tortorici, F. and Totani, D. and Toups, M. and Touramanis, C. and Trevor, J. and Trzaska, W. H. and Tsai, Y. T. and Tsamalaidze, Z. and Tsang, K. V. and Tsverava, N. and Tufanli, S. and Tull, C. and Tyley, E. and Tzanov, M. and Uchida, M. A. and Urheim, J. and Usher, T. and Vagins, M. R. and Vahle, P. and Valdiviesso, G. A. and Valencia, E. and Vallari, Z. and Valle, J. W. F. and Vallecorsa, S. and Van Berg, R. and Van de Water, R. G. and Forero, D. Vanegas and Varanini, F. and Vargas, D. and Varner, G. and Vasel, J. and Vasseur, G. and Vaziri, K. and Ventura, S. and Verdugo, A. and Vergani, S. and Vermeulen, M. A. and Verzocchi, M. and de Souza, H. Vieira and Vignoli, C. and Vilela, C. and Viren, B. and Vrba, T. and Wachala, T. and Waldron, A. V. and Wallbank, M. and Wang, H. and Wang, J. and Wang, Y. and Wang, Y. and Warburton, K. and Warner, D. and Wascko, M. and Waters, D. and Watson, A. and Weatherly, P. and Weber, A. and Weber, M. and Wei, H. and Weinstein, A. and Wenman, D. and Wetstein, M. and While, M. R. and White, A. and Whitehead, L. H. and Whittington, D. and Wilking, M. J. and Wilkinson, C. and Williams, Z. and Wilson, F. and Wilson, R. J. and Wolcott, J. and Wongjirad, T. and Wood, K. and Wood, L. and Worcester, E. and Worcester, M. and Wret, C. and Wu, W. and Wu, W. and Xiao, Y. and Yang, G. and Yang, T. and Yershov, N. and Yonehara, K. and Young, T. and Yu, B. and Yu, J. and Zaki, R. and Zalesak, J. and Zambelli, L. and Zamorano, B. and Zani, A. and Zazueta, L. and Zeller, G. P. and Zennamo, J. and Zeug, K. and Zhang, C. and Zhao, M. and Zhivun, E. and Zhu, G. and Zimmerman, E. D. and Zito, M. and Zucchelli, S. and Zuklin, J. and Zutshi, V. and Zwaska, R.},
  date = {2020-08-28},
  shortjournal = {ArXiv200812769 Hep-Ex Physicshep-Ph},
  url = {http://arxiv.org/abs/2008.12769},
  urldate = {2020-09-17},
  abstract = {The Deep Underground Neutrino Experiment (DUNE) will be a powerful tool for a variety of physics topics. The high-intensity proton beams provide a large neutrino flux, sampled by a near detector system consisting of a combination of capable precision detectors, and by the massive far detector system located deep underground. This configuration sets up DUNE as a machine for discovery, as it enables opportunities not only to perform precision neutrino measurements that may uncover deviations from the present three-flavor mixing paradigm, but also to discover new particles and unveil new interactions and symmetries beyond those predicted in the Standard Model (SM). Of the many potential beyond the Standard Model (BSM) topics DUNE will probe, this paper presents a selection of studies quantifying DUNE's sensitivities to sterile neutrino mixing, heavy neutral leptons, non-standard interactions, CPT symmetry violation, Lorentz invariance violation, neutrino trident production, dark matter from both beam induced and cosmogenic sources, baryon number violation, and other new physics topics that complement those at high-energy colliders and significantly extend the present reach.},
  archiveprefix = {arXiv},
  eprint = {2008.12769},
  eprinttype = {arxiv},
  file = {C\:\\Users\\Martin\\Zotero\\storage\\NZYFE8TC\\DUNE Collaboration et al. - 2020 - Prospects for Beyond the Standard Model Physics Se.pdf;C\:\\Users\\Martin\\Zotero\\storage\\88KJ9N4Y\\2008.html},
  keywords = {DUNE,High Energy Physics - Experiment,High Energy Physics - Phenomenology,parameters},
  options = {useprefix=true},
  primaryclass = {hep-ex, physics:hep-ph}
}

@online{dunecollaborationProspectsStandardModel2020a,
  title = {Prospects for {{Beyond}} the {{Standard Model Physics Searches}} at the {{Deep Underground Neutrino Experiment}}},
  author = {{DUNE Collaboration} and Abi, B. and Acciarri, R. and Acero, M. A. and Adamov, G. and Adams, D. and Adinolfi, M. and Ahmad, Z. and Ahmed, J. and Alion, T. and Monsalve, S. Alonso and Alt, C. and Anderson, J. and Andreopoulos, C. and Andrews, M. P. and Andrianala, F. and Andringa, S. and Ankowski, A. and Antonova, M. and Antusch, S. and Aranda-Fernandez, A. and Ariga, A. and Arnold, L. O. and Arroyave, M. A. and Asaadi, J. and Aurisano, A. and Aushev, V. and Autiero, D. and Azfar, F. and Back, H. and Back, J. J. and Backhouse, C. and Baesso, P. and Bagby, L. and Bajou, R. and Balasubramanian, S. and Baldi, P. and Bambah, B. and Barao, F. and Barenboim, G. and Barker, G. J. and Barkhouse, W. and Barnes, C. and Barr, G. and Monarca, J. Barranco and Barros, N. and Barrow, J. L. and Bashyal, A. and Basque, V. and Bay, F. and Alba, J. L. Bazo and Beacom, J. F. and Bechetoille, E. and Behera, B. and Bellantoni, L. and Bellettini, G. and Bellini, V. and Beltramello, O. and Belver, D. and Benekos, N. and Neves, F. Bento and Berger, J. and Berkman, S. and Bernardini, P. and Berner, R. M. and Berns, H. and Bertolucci, S. and Betancourt, M. and Bezawada, Y. and Bhattacharjee, M. and Bhuyan, B. and Biagi, S. and Bian, J. and Biassoni, M. and Biery, K. and Bilki, B. and Bishai, M. and Bitadze, A. and Blake, A. and Siffert, B. Blanco and Blaszczyk, F. D. M. and Blazey, G. C. and Blucher, E. and Boissevain, J. and Bolognesi, S. and Bolton, T. and Bonesini, M. and Bongrand, M. and Bonini, F. and Booth, A. and Booth, C. and Bordoni, S. and Borkum, A. and Boschi, T. and Bostan, N. and Bour, P. and Boyd, S. B. and Boyden, D. and Bracinik, J. and Braga, D. and Brailsford, D. and Brandt, A. and Bremer, J. and Brew, C. and Brianne, E. and Brice, S. J. and Brizzolari, C. and Bromberg, C. and Brooijmans, G. and Brooke, J. and Bross, A. and Brunetti, G. and Buchanan, N. and Budd, H. and Caiulo, D. and Calafiura, P. and Calcutt, J. and Calin, M. and Calvez, S. and Calvo, E. and Camilleri, L. and Caminata, A. and Campanelli, M. and Caratelli, D. and Carini, G. and Carlus, B. and Carniti, P. and Terrazas, I. Caro and Carranza, H. and Castillo, A. and Castromonte, C. and Cattadori, C. and Cavalier, F. and Cavanna, F. and Centro, S. and Cerati, G. and Cervelli, A. and Villanueva, A. Cervera and Chalifour, M. and Chang, C. and Chardonnet, E. and Chatterjee, A. and Chattopadhyay, S. and Chaves, J. and Chen, H. and Chen, M. and Chen, Y. and Cherdack, D. and Chi, C. and Childress, S. and Chiriacescu, A. and Cho, K. and Choubey, S. and Christensen, A. and Christian, D. and Christodoulou, G. and Church, E. and Clarke, P. and Coan, T. E. and Cocco, A. G. and Coelho, J. A. B. and Conley, E. and Conrad, J. M. and Convery, M. and Corwin, L. and Cotte, P. and Cremaldi, L. and Cremonesi, L. and Crespo-Anadón, J. I. and Cristaldo, E. and Cross, R. and Cuesta, C. and Cui, Y. and Cussans, D. and Dabrowski, M. and da Motta, H. and Peres, L. Da Silva and David, C. and David, Q. and Davies, G. S. and Davini, S. and Dawson, J. and De, K. and De Almeida, R. M. and Debbins, P. and De Bonis, I. and Decowski, M. P. and de Gouvêa, A. and De Holanda, P. C. and Astiz, I. L. De Icaza and Deisting, A. and De Jong, P. and Delbart, A. and Delepine, D. and Delgado, M. and Dell'Acqua, A. and De Lurgio, P. and Neto, J. R. T. de Mello and DeMuth, D. M. and Dennis, S. and Densham, C. and Deptuch, G. and De Roeck, A. and De Romeri, V. and De Vries, J. J. and Dharmapalan, R. and Dias, M. and Diaz, F. and Díaz, J. S. and Di Domizio, S. and Di Giulio, L. and Ding, P. and Di Noto, L. and Distefano, C. and Diurba, R. and Diwan, M. and Djurcic, Z. and Dokania, N. and Dolinski, M. J. and Domine, L. and Douglas, D. and Drielsma, F. and Duchesneau, D. and Duffy, K. and Dunne, P. and Durkin, T. and Duyang, H. and Dvornikov, O. and Dwyer, D. A. and Dyshkant, A. S. and Eads, M. and Edmunds, D. and Eisch, J. and Emery, S. and Ereditato, A. and Escobar, C. O. and Sanchez, L. Escudero and Evans, J. J. and Ewart, E. and Ezeribe, A. C. and Fahey, K. and Falcone, A. and Farnese, C. and Farzan, Y. and Felix, J. and Fernandez-Martinez, E. and Menendez, P. Fernandez and Ferraro, F. and Fields, L. and Filkins, A. and Filthaut, F. and Fitzpatrick, R. S. and Flanagan, W. and Fleming, B. and Flight, R. and Fowler, J. and Fox, W. and Franc, J. and Francis, K. and Franco, D. and Freeman, J. and Freestone, J. and Fried, J. and Friedland, A. and Fuess, S. and Furic, I. and Furmanski, A. P. and Gago, A. and Gallagher, H. and Gallego-Ros, A. and Gallice, N. and Galymov, V. and Gamberini, E. and Gamble, T. and Gandhi, R. and Gandrajula, R. and Gao, S. and Garcia-Gamez, D. and García-Peris, M. Á and Gardiner, S. and Gastler, D. and Ge, G. and Gelli, B. and Gendotti, A. and Gent, S. and Ghorbani-Moghaddam, Z. and Gibin, D. and Gil-Botella, I. and Girerd, C. and Giri, A. K. and Gnani, D. and Gogota, O. and Gold, M. and Gollapinni, S. and Gollwitzer, K. and Gomes, R. A. and Bermeo, L. V. Gomez and Fajardo, L. S. Gomez and Gonnella, F. and Gonzalez-Cuevas, J. A. and Goodman, M. C. and Goodwin, O. and Goswami, S. and Gotti, C. and Goudzovski, E. and Grace, C. and Graham, M. and Gramellini, E. and Gran, R. and Granados, E. and Grant, A. and Grant, C. and Gratieri, D. and Green, P. and Green, S. and Greenler, L. and Greenwood, M. and Greer, J. and Griffith, W. C. and Groh, M. and Grudzinski, J. and Grzelak, K. and Gu, W. and Guarino, V. and Guenette, R. and Guglielmi, A. and Guo, B. and Guthikonda, K. K. and Gutierrez, R. and Guzowski, P. and Guzzo, M. M. and Gwon, S. and Habig, A. and Hackenburg, A. and Hadavand, H. and Haenni, R. and Hahn, A. and Haigh, J. and Haiston, J. and Hamernik, T. and Hamilton, P. and Han, J. and Harder, K. and Harris, D. A. and Hartnell, J. and Hasegawa, T. and Hatcher, R. and Hazen, E. and Heavey, A. and Heeger, K. M. and Heise, J. and Hennessy, K. and Henry, S. and Morquecho, M. A. Hernandez and Herner, K. and Hertel, L. and Hesam, A. S. and Hewes, J. and Higuera, A. and Hill, T. and Hillier, S. J. and Himmel, A. and Hoff, J. and Hohl, C. and Holin, A. and Hoppe, E. and Horton-Smith, G. A. and Hostert, M. and Hourlier, A. and Howard, B. and Howell, R. and Huang, J. and Huang, J. and Hugon, J. and Iles, G. and Ilic, N. and Iliescu, A. M. and Illingworth, R. and Ioannisian, A. and Itay, R. and Izmaylov, A. and James, E. and Jargowsky, B. and Jediny, F. and Jesùs-Valls, C. and Ji, X. and Jiang, L. and Jiménez, S. and Jipa, A. and Joglekar, A. and Johnson, C. and Johnson, R. and Jones, B. and Jones, S. and Jung, C. K. and Junk, T. and Jwa, Y. and Kabirnezhad, M. and Kaboth, A. and Kadenko, I. and Kamiya, F. and Karagiorgi, G. and Karcher, A. and Karolak, M. and Karyotakis, Y. and Kasai, S. and Kasetti, S. P. and Kashur, L. and Kazaryan, N. and Kearns, E. and Keener, P. and Kelly, K. J. and Kemp, E. and Ketchum, W. and Kettell, S. H. and Khabibullin, M. and Khotjantsev, A. and Khvedelidze, A. and Kim, D. and King, B. and Kirby, B. and Kirby, M. and Klein, J. and Koehler, K. and Koerner, L. W. and Kohn, S. and Koller, P. P. and Kordosky, M. and Kosc, T. and Kose, U. and Kostelecký, V. A. and Kothekar, K. and Krennrich, F. and Kreslo, I. and Kudenko, Y. and Kudryavtsev, V. A. and Kulagin, S. and Kumar, J. and Kumar, R. and Kuruppu, C. and Kus, V. and Kutter, T. and Lambert, A. and Lande, K. and Lane, C. E. and Lang, K. and Langford, T. and Lasorak, P. and Last, D. and Lastoria, C. and Laundrie, A. and Lawrence, A. and Lazanu, I. and LaZur, R. and Le, T. and Learned, J. and LeBrun, P. and Miotto, G. Lehmann and Lehnert, R. and de Oliveira, M. A. Leigui and Leitner, M. and Leyton, M. and Li, L. and Li, S. and Li, S. W. and Li, T. and Li, Y. and Liao, H. and Lin, C. S. and Lin, S. and Lister, A. and Littlejohn, B. R. and Liu, J. and Lockwitz, S. and Loew, T. and Lokajicek, M. and Lomidze, I. and Long, K. and Loo, K. and Lorca, D. and Lord, T. and LoSecco, J. M. and Louis, W. C. and Luk, K. B. and Luo, X. and Lurkin, N. and Lux, T. and Luzio, V. P. and MacFarland, D. and Machado, A. A. and Machado, P. and Macias, C. T. and Macier, J. R. and Maddalena, A. and Madigan, P. and Magill, S. and Mahn, K. and Maio, A. and Maloney, J. A. and Mandrioli, G. and Maneira, J. and Manenti, L. and Manly, S. and Mann, A. and Manolopoulos, K. and Plata, M. Manrique and Marchionni, A. and Marciano, W. and Marfatia, D. and Mariani, C. and Maricic, J. and Marinho, F. and Marino, A. D. and Marshak, M. and Marshall, C. and Marshall, J. and Marteau, J. and Martin-Albo, J. and Martinez, N. and Caicedo, D. A. Martinez and Martynenko, S. and Mason, K. and Mastbaum, A. and Masud, M. and Matsuno, S. and Matthews, J. and Mauger, C. and Mauri, N. and Mavrokoridis, K. and Mazza, R. and Mazzacane, A. and Mazzucato, E. and McCluskey, E. and McConkey, N. and McFarland, K. S. and McGrew, C. and McNab, A. and Mefodiev, A. and Mehta, P. and Melas, P. and Mellinato, M. and Mena, O. and Menary, S. and Mendez, H. and Menegolli, A. and Meng, G. and Messier, M. D. and Metcalf, W. and Mewes, M. and Meyer, H. and Miao, T. and Michna, G. and Miedema, T. and Migenda, J. and Milincic, R. and Miller, W. and Mills, J. and Milne, C. and Mineev, O. and Miranda, O. G. and Miryala, S. and Mishra, C. S. and Mishra, S. R. and Mislivec, A. and Mladenov, D. and Mocioiu, I. and Moffat, K. and Moggi, N. and Mohanta, R. and Mohayai, T. A. and Mokhov, N. and Molina, J. and Bueno, L. Molina and Montanari, A. and Montanari, C. and Montanari, D. and Zetina, L. M. Montano and Moon, J. and Mooney, M. and Moor, A. and Moreno, D. and Morgan, B. and Morris, C. and Mossey, C. and Motuk, E. and Moura, C. A. and Mousseau, J. and Mu, W. and Mualem, L. and Mueller, J. and Muether, M. and Mufson, S. and Muheim, F. and Muir, A. and Mulhearn, M. and Muramatsu, H. and Murphy, S. and Musser, J. and Nachtman, J. and Nagu, S. and Nalbandyan, M. and Nandakumar, R. and Naples, D. and Narita, S. and Navas-Nicolás, D. and Nayak, N. and Nebot-Guinot, M. and Necib, L. and Negishi, K. and Nelson, J. K. and Nesbit, J. and Nessi, M. and Newbold, D. and Newcomer, M. and Newhart, D. and Nichol, R. and Niner, E. and Nishimura, K. and Norman, A. and Norrick, A. and Northrop, R. and Novella, P. and Nowak, J. A. and Oberling, M. and Del Campo, A. Olivares and Olivier, A. and Onel, Y. and Onishchuk, Y. and Ott, J. and Pagani, L. and Pakvasa, S. and Palamara, O. and Palestini, S. and Paley, J. M. and Pallavicini, M. and Palomares, C. and Pantic, E. and Paolone, V. and Papadimitriou, V. and Papaleo, R. and Papanestis, A. and Paramesvaran, S. and Park, J. C. and Parke, S. and Parsa, Z. and Parvu, M. and Pascoli, S. and Pasqualini, L. and Pasternak, J. and Pater, J. and Patrick, C. and Patrizii, L. and Patterson, R. B. and Patton, S. J. and Patzak, T. and Paudel, A. and Paulos, B. and Paulucci, L. and Pavlovic, Z. and Pawloski, G. and Payne, D. and Pec, V. and Peeters, S. J. M. and Penichot, Y. and Pennacchio, E. and Penzo, A. and Peres, O. L. G. and Perry, J. and Pershey, D. and Pessina, G. and Petrillo, G. and Petta, C. and Petti, R. and Piastra, F. and Pickering, L. and Pietropaolo, F. and Pillow, J. and Pinzino, J. and Plunkett, R. and Poling, R. and Pons, X. and Poonthottathil, N. and Pordes, S. and Potekhin, M. and Potenza, R. and Potukuchi, B. V. K. S. and Pozimski, J. and Pozzato, M. and Prakash, S. and Prakash, T. and Prince, S. and Prior, G. and Pugnere, D. and Qi, K. and Qian, X. and Raaf, J. L. and Raboanary, R. and Radeka, V. and Rademacker, J. and Radics, B. and Rafique, A. and Raguzin, E. and Rai, M. and Rajaoalisoa, M. and Rakhno, I. and Rakotondramanana, H. T. and Rakotondravohitra, L. and Ramachers, Y. A. and Rameika, R. and Delgado, M. A. Ramirez and Ramson, B. and Rappoldi, A. and Raselli, G. and Ratoff, P. and Ravat, S. and Razafinime, H. and Real, J. S. and Rebel, B. and Redondo, D. and Reggiani-Guzzo, M. and Rehak, T. and Reichenbacher, J. and Reitzner, S. D. and Renshaw, A. and Rescia, S. and Resnati, F. and Reynolds, A. and Riccobene, G. and Rice, L. C. J. and Rielage, K. and Rigaut, Y. and Rivera, D. and Rochester, L. and Roda, M. and Rodrigues, P. and Alonso, M. J. Rodriguez and Rondon, J. Rodriguez and Roeth, A. J. and Rogers, H. and Rosauro-Alcaraz, S. and Rossella, M. and Rout, J. and Roy, S. and Rubbia, A. and Rubbia, C. and Russell, B. and Russell, J. and Ruterbories, D. and Saakyan, R. and Sacerdoti, S. and Safford, T. and Sahu, N. and Sala, P. and Samios, N. and Sanchez, M. C. and Sanders, D. A. and Sankey, D. and Santana, S. and Santos-Maldonado, M. and Saoulidou, N. and Sapienza, P. and Sarasty, C. and Sarcevic, I. and Savage, G. and Savinov, V. and Scaramelli, A. and Scarff, A. and Scarpelli, A. and Schaffer, T. and Schellman, H. and Schlabach, P. and Schmitz, D. and Scholberg, K. and Schukraft, A. and Segreto, E. and Sensenig, J. and Seong, I. and Sergi, A. and Sergiampietri, F. and Sgalaberna, D. and Shaevitz, M. H. and Shafaq, S. and Shamma, M. and Sharma, H. R. and Sharma, R. and Shaw, T. and Shepherd-Themistocleous, C. and Shin, S. and Shooltz, D. and Shrock, R. and Simard, L. and Simos, N. and Sinclair, J. and Sinev, G. and Singh, J. and Singh, J. and Singh, V. and Sipos, R. and Sippach, F. W. and Sirri, G. and Sitraka, A. and Siyeon, K. and Smargianaki, D. and Smith, A. and Smith, A. and Smith, E. and Smith, P. and Smolik, J. and Smy, M. and Snopok, P. and Nunes, M. Soares and Sobel, H. and Soderberg, M. and Salinas, C. J. Solano and Söldner-Rembold, S. and Solomey, N. and Solovov, V. and Sondheim, W. E. and Sorel, M. and Soto-Oton, J. and Sousa, A. and Soustruznik, K. and Spagliardi, F. and Spanu, M. and Spitz, J. and Spooner, N. J. C. and Spurgeon, K. and Staley, R. and Stancari, M. and Stanco, L. and Steiner, H. M. and Stewart, J. and Stillwell, B. and Stock, J. and Stocker, F. and Stokes, T. and Strait, M. and Strauss, T. and Striganov, S. and Stuart, A. and Summers, D. and Surdo, A. and Susic, V. and Suter, L. and Sutera, C. M. and Svoboda, R. and Szczerbinska, B. and Szelc, A. M. and Talaga, R. and Tanaka, H. A. and Oregui, B. Tapia and Tapper, A. and Tariq, S. and Tatar, E. and Tayloe, R. and Teklu, A. M. and Tenti, M. and Terao, K. and Ternes, C. A. and Terranova, F. and Testera, G. and Thea, A. and Thompson, J. L. and Thorn, C. and Timm, S. C. and Todd, J. and Tonazzo, A. and Torti, M. and Tortola, M. and Tortorici, F. and Totani, D. and Toups, M. and Touramanis, C. and Trevor, J. and Trzaska, W. H. and Tsai, Y. T. and Tsamalaidze, Z. and Tsang, K. V. and Tsverava, N. and Tufanli, S. and Tull, C. and Tyley, E. and Tzanov, M. and Uchida, M. A. and Urheim, J. and Usher, T. and Vagins, M. R. and Vahle, P. and Valdiviesso, G. A. and Valencia, E. and Vallari, Z. and Valle, J. W. F. and Vallecorsa, S. and Van Berg, R. and Van de Water, R. G. and Forero, D. Vanegas and Varanini, F. and Vargas, D. and Varner, G. and Vasel, J. and Vasseur, G. and Vaziri, K. and Ventura, S. and Verdugo, A. and Vergani, S. and Vermeulen, M. A. and Verzocchi, M. and de Souza, H. Vieira and Vignoli, C. and Vilela, C. and Viren, B. and Vrba, T. and Wachala, T. and Waldron, A. V. and Wallbank, M. and Wang, H. and Wang, J. and Wang, Y. and Wang, Y. and Warburton, K. and Warner, D. and Wascko, M. and Waters, D. and Watson, A. and Weatherly, P. and Weber, A. and Weber, M. and Wei, H. and Weinstein, A. and Wenman, D. and Wetstein, M. and While, M. R. and White, A. and Whitehead, L. H. and Whittington, D. and Wilking, M. J. and Wilkinson, C. and Williams, Z. and Wilson, F. and Wilson, R. J. and Wolcott, J. and Wongjirad, T. and Wood, K. and Wood, L. and Worcester, E. and Worcester, M. and Wret, C. and Wu, W. and Wu, W. and Xiao, Y. and Yang, G. and Yang, T. and Yershov, N. and Yonehara, K. and Young, T. and Yu, B. and Yu, J. and Zaki, R. and Zalesak, J. and Zambelli, L. and Zamorano, B. and Zani, A. and Zazueta, L. and Zeller, G. P. and Zennamo, J. and Zeug, K. and Zhang, C. and Zhao, M. and Zhivun, E. and Zhu, G. and Zimmerman, E. D. and Zito, M. and Zucchelli, S. and Zuklin, J. and Zutshi, V. and Zwaska, R.},
  date = {2020-08-28},
  shortjournal = {ArXiv200812769 Hep-Ex Physicshep-Ph},
  url = {http://arxiv.org/abs/2008.12769},
  urldate = {2020-09-17},
  abstract = {The Deep Underground Neutrino Experiment (DUNE) will be a powerful tool for a variety of physics topics. The high-intensity proton beams provide a large neutrino flux, sampled by a near detector system consisting of a combination of capable precision detectors, and by the massive far detector system located deep underground. This configuration sets up DUNE as a machine for discovery, as it enables opportunities not only to perform precision neutrino measurements that may uncover deviations from the present three-flavor mixing paradigm, but also to discover new particles and unveil new interactions and symmetries beyond those predicted in the Standard Model (SM). Of the many potential beyond the Standard Model (BSM) topics DUNE will probe, this paper presents a selection of studies quantifying DUNE's sensitivities to sterile neutrino mixing, heavy neutral leptons, non-standard interactions, CPT symmetry violation, Lorentz invariance violation, neutrino trident production, dark matter from both beam induced and cosmogenic sources, baryon number violation, and other new physics topics that complement those at high-energy colliders and significantly extend the present reach.},
  archiveprefix = {arXiv},
  eprint = {2008.12769},
  eprinttype = {arxiv},
  keywords = {High Energy Physics - Experiment,High Energy Physics - Phenomenology},
  options = {useprefix=true},
  primaryclass = {hep-ex, physics:hep-ph}
}

@article{esmailiProbingNonStandardInteraction2013,
  title = {Probing {{Non}}-{{Standard Interaction}} of {{Neutrinos}} with {{IceCube}} and {{DeepCore}}},
  author = {Esmaili, Arman and Smirnov, Alexei Yu},
  date = {2013-06},
  journaltitle = {J. High Energ. Phys.},
  volume = {2013},
  pages = {26},
  issn = {1029-8479},
  doi = {10.1007/JHEP06(2013)026},
  abstract = {We consider effects of the Non-Standard Interactions (NSI) on oscillations of the high energy atmospheric neutrinos. The \textbackslash nu\_\textbackslash mu-oscillograms are constructed and their dependence on the NSI strength parameters \textbackslash epsilon\_\{\textbackslash alpha \textbackslash beta\} studied. We computed zenith angle distributions of the \textbackslash nu\_\textbackslash mu-events in the presence of NSI in different energy regions. The distributions are confronted with the IceCube-79 (high energy sample) and the DeepCore (low energy sample) data and constraints on the strength parameters |\textbackslash epsilon\_\{\textbackslash mu \textbackslash tau\}| {$<$} 6x10\^-3 and |\textbackslash epsilon\_\{\textbackslash mu\textbackslash mu\}-\textbackslash epsilon\_\{\textbackslash tau\textbackslash tau\}| {$<$} 3x10\^-2 (90\% C.L.) have been obtained. Future measurements of the zenith angle distributions by DeepCore in smaller energy bins will allow to improve the bounds by factor 2 - 3. We discuss the signatures of NSI in zenith angle and energy distributions of events which allow to discriminate them from the effects of sterile neutrinos.},
  archiveprefix = {arXiv},
  eprint = {1304.1042},
  eprinttype = {arxiv},
  file = {C\:\\Users\\Martin\\Zotero\\storage\\I329XTV5\\Esmaili and Smirnov - 2013 - Probing Non-Standard Interaction of Neutrinos with.pdf;C\:\\Users\\Martin\\Zotero\\storage\\J7FC88SR\\Esmaili and Smirnov - 2013 - Probing Non-Standard Interaction of Neutrinos with.html},
  keywords = {High Energy Physics - Experiment,High Energy Physics - Phenomenology},
  number = {6}
}

@article{esmailiProbingNonStandardInteraction2013a,
  title = {Probing {{Non}}-{{Standard Interaction}} of {{Neutrinos}} with {{IceCube}} and {{DeepCore}}},
  author = {Esmaili, Arman and Smirnov, Alexei Yu},
  date = {2013-06},
  journaltitle = {J. High Energ. Phys.},
  volume = {2013},
  pages = {26},
  issn = {1029-8479},
  doi = {10.1007/JHEP06(2013)026},
  abstract = {We consider effects of the Non-Standard Interactions (NSI) on oscillations of the high energy atmospheric neutrinos. The \textbackslash nu\_\textbackslash mu-oscillograms are constructed and their dependence on the NSI strength parameters \textbackslash epsilon\_\{\textbackslash alpha \textbackslash beta\} studied. We computed zenith angle distributions of the \textbackslash nu\_\textbackslash mu-events in the presence of NSI in different energy regions. The distributions are confronted with the IceCube-79 (high energy sample) and the DeepCore (low energy sample) data and constraints on the strength parameters |\textbackslash epsilon\_\{\textbackslash mu \textbackslash tau\}| {$<$} 6x10\^-3 and |\textbackslash epsilon\_\{\textbackslash mu\textbackslash mu\}-\textbackslash epsilon\_\{\textbackslash tau\textbackslash tau\}| {$<$} 3x10\^-2 (90\% C.L.) have been obtained. Future measurements of the zenith angle distributions by DeepCore in smaller energy bins will allow to improve the bounds by factor 2 - 3. We discuss the signatures of NSI in zenith angle and energy distributions of events which allow to discriminate them from the effects of sterile neutrinos.},
  archiveprefix = {arXiv},
  eprint = {1304.1042},
  eprinttype = {arxiv},
  file = {C\:\\Users\\Martin\\Zotero\\storage\\TPXT7WDZ\\Esmaili and Smirnov - 2013 - Probing Non-Standard Interaction of Neutrinos with.pdf;C\:\\Users\\Martin\\Zotero\\storage\\XCWR39QC\\1304.html},
  keywords = {High Energy Physics - Experiment,High Energy Physics - Phenomenology},
  number = {6}
}

@article{esmailiRestrictingLSNDMiniBooNE2013,
  title = {Restricting the {{LSND}} and {{MiniBooNE}} Sterile Neutrinos with the {{IceCube}} Atmospheric Neutrino Data},
  author = {Esmaili, Arman and Smirnov, Alexei Yu},
  date = {2013-12},
  journaltitle = {J. High Energ. Phys.},
  volume = {2013},
  pages = {14},
  issn = {1029-8479},
  doi = {10.1007/JHEP12(2013)014},
  abstract = {We study oscillations of the high energy atmospheric neutrinos in the Earth into sterile neutrinos with the eV-scale mass. The MSW resonance and parametric enhancement of the \$\textbackslash bar\{\textbackslash nu\}\_\textbackslash mu\textbackslash to\textbackslash bar\{\textbackslash nu\}\_s\$ oscillations lead to distortion of the zenith angle distribution of the muon-track events which can be observed by IceCube. Due to matter effect, the IceCube signal depends not only on the mixing element \$U\_\{\textbackslash mu 4\}\$ relevant for LSND and MiniBooNE but also on \$U\_\{\textbackslash tau 4\}\$ and the CP-violating phase \$\textbackslash delta\_\{24\}\$. We show that the case with \$U\_\{\textbackslash tau 4\} = \textbackslash delta\_\{24\} = 0\$ leads to the weakest IceCube signal and therefore should be used to bound \$U\_\{\textbackslash mu 4\}\$. We compute the zenith angle distributions of the \$\textbackslash nu\_\textbackslash mu-\$events for different energy intervals in the range (0.1 - 10) TeV and find that inclusion of the energy information (binning in energy) improves the sensitivity to \$\textbackslash nu\_s\$ drastically. We estimate that with already collected (during 3 - 4 years) IceCube statistics the bound \$|U\_\{\textbackslash mu 4\}|\^2 {$<$} 0.01\$ (\$99\textbackslash\%\$ C.L.) can be established and the mixing required by LSND and MiniBooNE can be excluded at \$(4 - 6) \textbackslash sigma\$ confidence level.},
  archiveprefix = {arXiv},
  eprint = {1307.6824},
  eprinttype = {arxiv},
  file = {C\:\\Users\\Martin\\Zotero\\storage\\G4JN5JUI\\Esmaili and Smirnov - 2013 - Restricting the LSND and MiniBooNE sterile neutrin.pdf;C\:\\Users\\Martin\\Zotero\\storage\\E88L4SK4\\1307.html},
  keywords = {Astrophysics - High Energy Astrophysical Phenomena,High Energy Physics - Phenomenology},
  number = {12}
}

@online{gaisserAtmosphericNeutrinos2019,
  title = {Atmospheric {{Neutrinos}}},
  author = {Gaisser, Thomas K.},
  date = {2019-10-19},
  shortjournal = {ArXiv191008851 Astro-Ph},
  url = {http://arxiv.org/abs/1910.08851},
  urldate = {2021-01-08},
  abstract = {Atmospheric neutrinos produced by cosmic-ray interactions around the globe provide a beam for the study of neutrino properties. They are also a background in searches for neutrinos of astrophysical origin. Both aspects are addressed in this chapter, which begins with a brief introduction on neutrino oscillations in relation to the spectrum of atmospheric neutrinos. Section 2 describes the cascade equation for hadrons in the atmosphere and the main features of atmospheric leptons from their decays. Next, uncertainties in the fluxes that arise from limited knowledge of the primary spectrum and of particle production are discussed. The final section covers aspects specific to neutrino telescopes.},
  archiveprefix = {arXiv},
  eprint = {1910.08851},
  eprinttype = {arxiv},
  file = {C\:\\Users\\Martin\\Zotero\\storage\\AADZUHBC\\Gaisser - 2019 - Atmospheric Neutrinos.pdf;C\:\\Users\\Martin\\Zotero\\storage\\XJKF6MTY\\1910.html},
  keywords = {Astrophysics - High Energy Astrophysical Phenomena},
  primaryclass = {astro-ph}
}

@article{gariazzoUpdatedGlobalAnalysis2017,
  title = {Updated {{Global}} 3+1 {{Analysis}} of {{Short}}-{{BaseLine Neutrino Oscillations}}},
  author = {Gariazzo, S. and Giunti, C. and Laveder, M. and Li, Y. F.},
  date = {2017-06},
  journaltitle = {J. High Energ. Phys.},
  volume = {2017},
  pages = {135},
  issn = {1029-8479},
  doi = {10.1007/JHEP06(2017)135},
  abstract = {We present the results of an updated fit of short-baseline neutrino oscillation data in the framework of 3+1 active-sterile neutrino mixing. We first consider \$\textbackslash nu\_e\$ and \$\textbackslash bar\textbackslash nu\_e\$ disappearance in the light of the Gallium and reactor anomalies. We discuss the implications of the recent measurement of the reactor \$\textbackslash bar\textbackslash nu\_e\$ spectrum in the NEOS experiment, which shifts the allowed regions of the parameter space towards smaller values of \$|U\_\{e4\}|\^2\$. The beta-decay constraints allow us to limit the oscillation length between about 2 cm and 7 m at \$3\textbackslash sigma\$ for neutrinos with an energy of 1 MeV. We then consider the global fit of the data in the light of the LSND anomaly, taking into account the constraints from \$\textbackslash nu\_e\$ and \$\textbackslash nu\_\textbackslash mu\$ disappearance experiments, including the recent data of the MINOS and IceCube experiments. The combination of the NEOS constraints on \$|U\_\{e4\}|\^2\$ and the MINOS and IceCube constraints on \$|U\_\{\textbackslash mu4\}|\^2\$ lead to an unacceptable appearance-disappearance tension which becomes tolerable only in a pragmatic fit which neglects the MiniBooNE low-energy anomaly. The minimization of the global \$\textbackslash chi\^2\$ in the space of the four mixing parameters \$\textbackslash Delta\{m\}\^2\_\{41\}\$, \$|U\_\{e4\}|\^2\$, \$|U\_\{\textbackslash mu4\}|\^2\$, and \$|U\_\{\textbackslash tau4\}|\^2\$ leads to three allowed regions with narrow \$\textbackslash Delta\{m\}\^\{2\}\_\{41\}\$ widths at \$ \textbackslash Delta m\^2\_\{41\} \textbackslash approx 1.7 \$ (best-fit), 1.3 (at \$2\textbackslash sigma\$), 2.4 (at \$3\textbackslash sigma\$) eV\$\^2\$. The restrictions of the allowed regions of the mixing parameters with respect to our previous global fits are mainly due to the NEOS constraints. We present a comparison of the allowed regions of the mixing parameters with the sensitivities of ongoing experiments, which show that it is likely that these experiments will determine in a definitive way if the reactor, Gallium and LSND anomalies are due to active-sterile neutrino oscillations or not.},
  archiveprefix = {arXiv},
  eprint = {1703.00860},
  eprinttype = {arxiv},
  file = {C\:\\Users\\Martin\\Zotero\\storage\\TLKYFFVA\\Gariazzo et al. - 2017 - Updated Global 3+1 Analysis of Short-BaseLine Neut.pdf;C\:\\Users\\Martin\\Zotero\\storage\\JBLNVH9N\\1703.html},
  keywords = {High Energy Physics - Experiment,High Energy Physics - Phenomenology,IC},
  number = {6}
}

@article{gariazzoUpdatedGlobalAnalysis2017a,
  title = {Updated {{Global}} 3+1 {{Analysis}} of {{Short}}-{{BaseLine Neutrino Oscillations}}},
  author = {Gariazzo, S. and Giunti, C. and Laveder, M. and Li, Y. F.},
  date = {2017-06},
  journaltitle = {J. High Energ. Phys.},
  volume = {2017},
  pages = {135},
  issn = {1029-8479},
  doi = {10.1007/JHEP06(2017)135},
  abstract = {We present the results of an updated fit of short-baseline neutrino oscillation data in the framework of 3+1 active-sterile neutrino mixing. We first consider \$\textbackslash nu\_e\$ and \$\textbackslash bar\textbackslash nu\_e\$ disappearance in the light of the Gallium and reactor anomalies. We discuss the implications of the recent measurement of the reactor \$\textbackslash bar\textbackslash nu\_e\$ spectrum in the NEOS experiment, which shifts the allowed regions of the parameter space towards smaller values of \$|U\_\{e4\}|\^2\$. The beta-decay constraints allow us to limit the oscillation length between about 2 cm and 7 m at \$3\textbackslash sigma\$ for neutrinos with an energy of 1 MeV. We then consider the global fit of the data in the light of the LSND anomaly, taking into account the constraints from \$\textbackslash nu\_e\$ and \$\textbackslash nu\_\textbackslash mu\$ disappearance experiments, including the recent data of the MINOS and IceCube experiments. The combination of the NEOS constraints on \$|U\_\{e4\}|\^2\$ and the MINOS and IceCube constraints on \$|U\_\{\textbackslash mu4\}|\^2\$ lead to an unacceptable appearance-disappearance tension which becomes tolerable only in a pragmatic fit which neglects the MiniBooNE low-energy anomaly. The minimization of the global \$\textbackslash chi\^2\$ in the space of the four mixing parameters \$\textbackslash Delta\{m\}\^2\_\{41\}\$, \$|U\_\{e4\}|\^2\$, \$|U\_\{\textbackslash mu4\}|\^2\$, and \$|U\_\{\textbackslash tau4\}|\^2\$ leads to three allowed regions with narrow \$\textbackslash Delta\{m\}\^\{2\}\_\{41\}\$ widths at \$ \textbackslash Delta m\^2\_\{41\} \textbackslash approx 1.7 \$ (best-fit), 1.3 (at \$2\textbackslash sigma\$), 2.4 (at \$3\textbackslash sigma\$) eV\$\^2\$. The restrictions of the allowed regions of the mixing parameters with respect to our previous global fits are mainly due to the NEOS constraints. We present a comparison of the allowed regions of the mixing parameters with the sensitivities of ongoing experiments, which show that it is likely that these experiments will determine in a definitive way if the reactor, Gallium and LSND anomalies are due to active-sterile neutrino oscillations or not.},
  archiveprefix = {arXiv},
  eprint = {1703.00860},
  eprinttype = {arxiv},
  file = {C\:\\Users\\Martin\\Zotero\\storage\\EUQKP8AX\\Gariazzo et al. - 2017 - Updated Global 3+1 Analysis of Short-BaseLine Neut.pdf;C\:\\Users\\Martin\\Zotero\\storage\\68YH7CMA\\1703.html},
  keywords = {High Energy Physics - Experiment,High Energy Physics - Phenomenology},
  number = {6}
}

@book{giunti,
  title = {Fundamentals of {{Neutrino Physics}} and {{Astrophysics}}},
  shorttitle = {Giunti},
  author = {Giunti, Carlo and Kim, Chung W.},
  publisher = {{Oxford University Press}},
  url = {https://oxford-universitypressscholarship-com.focus.lib.kth.se/view/10.1093/acprof:oso/9780198508717.001.0001/acprof-9780198508717},
  urldate = {2020-08-05},
  abstract = {"Fundamentals of Neutrino Physics and Astrophysics" published on  by Oxford University Press.},
  file = {C\:\\Users\\Martin\\Zotero\\storage\\LLC8G5PX\\Giunti and Kim - Fundamentals of Neutrino Physics and Astrophysics.pdf},
  isbn = {978-0-19-170886-2},
  langid = {american}
}

@article{giuntiKATRINBoundActivesterile2020,
  title = {{{KATRIN}} Bound on 3+1 Active-Sterile Neutrino Mixing and the Reactor Antineutrino Anomaly},
  author = {Giunti, C. and Li, Y. F. and Zhang, Y. Y.},
  date = {2020-05},
  journaltitle = {J. High Energ. Phys.},
  volume = {2020},
  pages = {61},
  issn = {1029-8479},
  doi = {10.1007/JHEP05(2020)061},
  abstract = {We present the bounds on 3+1 active-sterile neutrino mixing obtained from the first results of the KATRIN experiment. We show that the KATRIN data extend the Mainz and Troitsk bound to smaller values of \$\textbackslash Delta\{m\}\^2\_\{41\}\$ for large mixing and improves the exclusion of the large-\$\textbackslash Delta\{m\}\^2\_\{41\}\$ solution of the Huber-Muller reactor antineutrino anomaly. We also show that the combined bound of the Mainz, Troitsk, and KATRIN tritium experiments and the Bugey-3, NEOS, PROSPECT, and DANSS reactor spectral ratio measurements exclude most of the region in the (\$\textbackslash sin\^2\textbackslash!2\textbackslash vartheta\_\{ee\},\textbackslash Delta\{m\}\^2\_\{41\}\$) plane allowed by the Huber-Muller reactor antineutrino anomaly. Considering two new calculations of the reactor neutrino fluxes, we show that one, that predicts a lower \$\^\{235\}\textbackslash text\{U\}\$ neutrino flux, is in agreement with the tritium and reactor spectral ratio measurements, whereas the other leads to a larger tension than the Huber-Muller prediction. We also show that the combined reactor spectral ratio and tritium measurements disfavor the Neutrino-4 indication of large active-sterile mixing. We finally discuss the constraints on the gallium neutrino anomaly.},
  archiveprefix = {arXiv},
  eprint = {1912.12956},
  eprinttype = {arxiv},
  file = {C\:\\Users\\Martin\\Zotero\\storage\\KZNDVU7P\\Giunti et al. - 2020 - KATRIN bound on 3+1 active-sterile neutrino mixing.pdf;C\:\\Users\\Martin\\Zotero\\storage\\GZH74ZXX\\1912.html},
  keywords = {High Energy Physics - Experiment,High Energy Physics - Phenomenology},
  number = {5}
}

@article{giuntiLightSterileNeutrinos2016,
  title = {Light {{Sterile Neutrinos}}: {{Status}} and {{Perspectives}}},
  shorttitle = {Light {{Sterile Neutrinos}}},
  author = {Giunti, Carlo},
  date = {2016-07},
  journaltitle = {Nuclear Physics B},
  volume = {908},
  pages = {336--353},
  issn = {05503213},
  doi = {10.1016/j.nuclphysb.2016.01.013},
  abstract = {The indications in favor of the existence of light sterile neutrinos at the eV scale found in short-baseline neutrino oscillation experiments is reviewed. The future perspectives of short-baseline neutrino oscillation experiments and the connections with beta-decay measurements of the neutrino masses and with neutrinoless double-beta decay experiments are discussed.},
  archiveprefix = {arXiv},
  eprint = {1512.04758},
  eprinttype = {arxiv},
  file = {C\:\\Users\\Martin\\Zotero\\storage\\2DI2IBLH\\Giunti - 2016 - Light Sterile Neutrinos Status and Perspectives.pdf;C\:\\Users\\Martin\\Zotero\\storage\\DM4W79U4\\1512.html},
  keywords = {Astrophysics - Cosmology and Nongalactic Astrophysics,High Energy Physics - Experiment,High Energy Physics - Phenomenology}
}

@article{giuntiShortbaselineNeutrinoOscillations2019,
  title = {Short-Baseline Neutrino Oscillations with 3+1 Non-Unitary Mixing},
  author = {Giunti, C.},
  date = {2019-08},
  journaltitle = {Physics Letters B},
  volume = {795},
  pages = {236--240},
  issn = {03702693},
  doi = {10.1016/j.physletb.2019.06.038},
  abstract = {We consider a scenario with unitary mixing of the three light standard neutrinos and a non-unitary mixing contribution of a heavier massive neutrino that can generate short-baseline neutrino oscillations. We show that this scenario predicts constant flavor-changing probabilities at short-baseline distances. Therefore, it cannot explain the spectral distortions observed in the LSND and MiniBooNE appearance experiments. On the other hand, the survival probabilities oscillate as functions of \$L/E\$ and could explain oscillations in short-baseline disappearance experiments. We also derive the bounds on the mixing parameters from the existing short-baseline neutrino oscillation data.},
  archiveprefix = {arXiv},
  eprint = {1904.02093},
  eprinttype = {arxiv},
  file = {C\:\\Users\\Martin\\Zotero\\storage\\5JURNBJT\\Giunti - 2019 - Short-baseline neutrino oscillations with 3+1 non-.pdf},
  keywords = {High Energy Physics - Experiment,High Energy Physics - Phenomenology}
}

@article{gonzalez-garciaPhysicsReachHighEnergy2005,
  title = {Physics {{Reach}} of {{High}}-{{Energy}} and {{High}}-{{Statistics IceCube Atmospheric Neutrino Data}}},
  author = {Gonzalez-Garcia, M. C. and Halzen, F. and Maltoni, M.},
  date = {2005-05-31},
  journaltitle = {Phys. Rev. D},
  volume = {71},
  pages = {093010},
  issn = {1550-7998, 1550-2368},
  doi = {10.1103/PhysRevD.71.093010},
  abstract = {This paper investigates the physics reach of the IceCube neutrino detector when it will have collected a data set of order one million atmospheric neutrinos with energies in the 0.1 \textbackslash sim 10\^4 TeV range. The paper consists of three parts. We first demonstrate how to simulate the detector performance using relatively simple analytic methods. Because of the high energies of the neutrinos, their oscillations, propagation in the Earth and regeneration due to \textbackslash tau decay must be treated in a coherent way. We set up the formalism to do this and discuss the implications. In a final section we apply the methods developed to evaluate the potential of IceCube to study new physics beyond neutrino oscillations. Not surprisingly, because of the increased energy and statistics over present experiments, existing bounds on violations of the equivalence principle and of Lorentz invariance can be improved by over two orders of magnitude. The methods developed can be readily applied to other non-conventional physics associated with neutrinos.},
  archiveprefix = {arXiv},
  eprint = {hep-ph/0502223},
  eprinttype = {arxiv},
  file = {C\:\\Users\\Martin\\Zotero\\storage\\UVYAGXPM\\Gonzalez-Garcia et al. - 2005 - Physics Reach of High-Energy and High-Statistics I.pdf;C\:\\Users\\Martin\\Zotero\\storage\\Q8IPEWHG\\0502223.html},
  keywords = {Astrophysics,High Energy Physics - Experiment,High Energy Physics - Phenomenology},
  number = {9}
}

@article{halzenInvitedReviewArticle2010,
  title = {Invited {{Review Article}}: {{IceCube}}: {{An}} Instrument for Neutrino Astronomy},
  shorttitle = {Invited {{Review Article}}},
  author = {Halzen, Francis and Klein, Spencer R.},
  date = {2010-08},
  journaltitle = {Review of Scientific Instruments},
  volume = {81},
  pages = {081101},
  issn = {0034-6748, 1089-7623},
  doi = {10.1063/1.3480478},
  file = {C\:\\Users\\Martin\\Zotero\\storage\\CTJKKYFF\\Halzen and Klein - 2010 - Invited Review Article IceCube An instrument for.pdf},
  langid = {english},
  number = {8}
}

@article{hondapaper,
  title = {Calculation of Atmospheric Neutrino Flux Using the Interaction Model Calibrated with Atmospheric Muon Data.},
  author = {Honda, M. and Kajita, T. and Kasahara, K. and Midorikawa, S. and Sanuki, T.},
  date = {2007-01-10},
  doi = {10.1103/PhysRevD.75.043006},
  abstract = {Using the ``modified DPMJET-III'' model explained in the previous paper, we calculate the atmospheric neutrino flux. The calculation scheme is almost the same as HKKM04 \textbackslash cite\{HKKM2004\}, but the usage of the ``virtual detector'' is improved to reduce the error due to it. Then we study the uncertainty of the calculated atmospheric neutrino flux summarizing the uncertainties of individual components of the simulation. The uncertainty of \$K\$-production in the interaction model is estimated by modifying FLUKA'97 and Fritiof 7.02 so that they also reproduce the atmospheric muon flux data correctly, and the calculation of the atmospheric neutrino flux with those modified interaction models. The uncertainties of the flux ratio and zenith angle dependence of the atmospheric neutrino flux are also studied.},
  file = {C\:\\Users\\Martin\\Zotero\\storage\\578H5NFY\\Honda et al. - 2007 - Calculation of atmospheric neutrino flux using the.pdf;C\:\\Users\\Martin\\Zotero\\storage\\4EQAXTQE\\0611418.html},
  keywords = {article,Astrophysics}
}

@online{HowJanetConrad,
  title = {How {{Janet Conrad Plans}} to {{Find}} the {{Sterile Neutrino}}},
  url = {https://www.quantamagazine.org/how-janet-conrad-plans-to-find-the-sterile-neutrino-20161208/},
  urldate = {2020-11-16},
  abstract = {Janet Conrad has a plan to catch the sterile neutrino — an elusive particle, possibly glimpsed by a number of experiments, that would upend what we know about the subatomic world.},
  file = {C\:\\Users\\Martin\\Zotero\\storage\\YPBRKBA3\\how-janet-conrad-plans-to-find-the-sterile-neutrino-20161208.html},
  langid = {english},
  organization = {{Quanta Magazine}}
}

@online{IC2016,
  title = {Search for Sterile Neutrinos with One Year of {{IceCube}} Data},
  author = {{IceCube Collaboration}},
  date = {2016},
  url = {https://icecube.wisc.edu/data-releases/2016/06/search-for-sterile-neutrinos-with-one-year-of-icecube-data/},
  urldate = {2021-04-20},
  abstract = {Introduction The IceCube neutrino telescope at the South Pole has measured the atmospheric muon neutrino spectrum as a function of zenith angle and energy to search for the oscillation signatures of light sterile neutrinos. No evidence for anomalous~vμ~or~v~–μ~disappearance is observed in either of two independently developed analyses, each using one year of atmospheric neutrino data.},
  file = {C\:\\Users\\Martin\\Zotero\\storage\\BXKPJXVQ\\search-for-sterile-neutrinos-with-one-year-of-icecube-data.html},
  langid = {american},
  organization = {{IceCube}}
}

@article{IC2020,
  title = {Searching for {{eV}}-Scale Sterile Neutrinos with Eight Years of Atmospheric Neutrinos at the {{IceCube Neutrino Telescope}}},
  author = {Aartsen, M. G. and Abbasi, R. and Ackermann, M. and Adams, J. and Aguilar, J. A. and Ahlers, M. and Ahrens, M. and Alispach, C. and Amin, N. M. and Andeen, K. and Anderson, T. and Ansseau, I. and Anton, G. and Argüelles, C. and Auffenberg, J. and Axani, S. and Bagherpour, H. and Bai, X. and Balagopal V., A. and Barbano, A. and Barwick, S. W. and Bastian, B. and Basu, V. and Baum, V. and Baur, S. and Bay, R. and Beatty, J. J. and Becker, K.-H. and Becker Tjus, J. and BenZvi, S. and Berley, D. and Bernardini, E. and Besson, D. Z. and Binder, G. and Bindig, D. and Blaufuss, E. and Blot, S. and Bohm, C. and Böser, S. and Botner, O. and Böttcher, J. and Bourbeau, E. and Bourbeau, J. and Bradascio, F. and Braun, J. and Bron, S. and Brostean-Kaiser, J. and Burgman, A. and Buscher, J. and Busse, R. S. and Carver, T. and Chen, C. and Cheung, E. and Chirkin, D. and Choi, S. and Clark, B. A. and Clark, K. and Classen, L. and Coleman, A. and Collin, G. H. and Conrad, J. M. and Coppin, P. and Correa, P. and Cowen, D. F. and Cross, R. and Dave, P. and De Clercq, C. and DeLaunay, J. J. and Dembinski, H. and Deoskar, K. and De Ridder, S. and Desai, A. and Desiati, P. and de Vries, K. D. and de Wasseige, G. and de With, M. and DeYoung, T. and Dharani, S. and Diaz, A. and Díaz-Vélez, J. C. and Dujmovic, H. and Dunkman, M. and DuVernois, M. A. and Dvorak, E. and Ehrhardt, T. and Eller, P. and Engel, R. and Evenson, P. A. and Fahey, S. and Fazely, A. R. and Fedynitch, A. and Felde, J. and Fienberg, A. T. and Filimonov, K. and Finley, C. and Fox, D. and Franckowiak, A. and Friedman, E. and Fritz, A. and Gaisser, T. K. and Gallagher, J. and Ganster, E. and Garrappa, S. and Gerhardt, L. and Glauch, T. and Glüsenkamp, T. and Goldschmidt, A. and Gonzalez, J. G. and Grant, D. and Grégoire, T. and Griffith, Z. and Griswold, S. and Günder, M. and Gündüz, M. and Haack, C. and Hallgren, A. and Halliday, R. and Halve, L. and Halzen, F. and Hanson, K. and Hardin, J. and Haungs, A. and Hauser, S. and Hebecker, D. and Heereman, D. and Heix, P. and Helbing, K. and Hellauer, R. and Henningsen, F. and Hickford, S. and Hignight, J. and Hill, G. C. and Hoffman, K. D. and Hoffmann, R. and Hoinka, T. and Hokanson-Fasig, B. and Hoshina, K. and Huang, F. and Huber, M. and Huber, T. and Hultqvist, K. and Hünnefeld, M. and Hussain, R. and In, S. and Iovine, N. and Ishihara, A. and Jansson, M. and Japaridze, G. S. and Jeong, M. and Jones, B. J. P. and Jonske, F. and Joppe, R. and Kang, D. and Kang, W. and Kappes, A. and Kappesser, D. and Karg, T. and Karl, M. and Karle, A. and Katz, U. and Kauer, M. and Kellermann, M. and Kelley, J. L. and Kheirandish, A. and Kim, J. and Kintscher, T. and Kiryluk, J. and Kittler, T. and Klein, S. R. and Koirala, R. and Kolanoski, H. and Köpke, L. and Kopper, C. and Kopper, S. and Koskinen, D. J. and Koundal, P. and Kowalski, M. and Krings, K. and Krückl, G. and Kulacz, N. and Kurahashi, N. and Kyriacou, A. and Lanfranchi, J. L. and Larson, M. J. and Lauber, F. and Lazar, J. P. and Leonard, K. and Leszczyńska, A. and Li, Y. and Liu, Q. R. and Lohfink, E. and Lozano Mariscal, C. J. and Lu, L. and Lucarelli, F. and Ludwig, A. and Lünemann, J. and Luszczak, W. and Lyu, Y. and Ma, W. Y. and Madsen, J. and Maggi, G. and Mahn, K. B. M. and Makino, Y. and Mallik, P. and Mancina, S. and Mariş, I. C. and Maruyama, R. and Mase, K. and Maunu, R. and McNally, F. and Meagher, K. and Medici, M. and Medina, A. and Meier, M. and Meighen-Berger, S. and Merz, J. and Meures, T. and Micallef, J. and Mockler, D. and Momenté, G. and Montaruli, T. and Moore, R. W. and Morse, R. and Moulai, M. and Muth, P. and Nagai, R. and Naumann, U. and Neer, G. and Nguyen, L. V. and Niederhausen, H. and Nisa, M. U. and Nowicki, S. C. and Nygren, D. R. and Obertacke Pollmann, A. and Oehler, M. and Olivas, A. and O’Murchadha, A. and O’Sullivan, E. and Palczewski, T. and Pandya, H. and Pankova, D. V. and Park, N. and Parker, G. K. and Paudel, E. N. and Peiffer, P. and Pérez de los Heros, C. and Philippen, S. and Pieloth, D. and Pieper, S. and Pinat, E. and Pizzuto, A. and Plum, M. and Popovych, Y. and Porcelli, A. and Prado Rodriguez, M. and Price, P. B. and Przybylski, G. T. and Raab, C. and Raissi, A. and Rameez, M. and Rauch, L. and Rawlins, K. and Rea, I. C. and Rehman, A. and Reimann, R. and Relethford, B. and Renschler, M. and Renzi, G. and Resconi, E. and Rhode, W. and Richman, M. and Riedel, B. and Robertson, S. and Rongen, M. and Rott, C. and Ruhe, T. and Ryckbosch, D. and Rysewyk Cantu, D. and Safa, I. and Sanchez Herrera, S. E. and Sandrock, A. and Sandroos, J. and Santander, M. and Sarkar, S. and Sarkar, S. and Satalecka, K. and Scharf, M. and Schaufel, M. and Schieler, H. and Schlunder, P. and Schmidt, T. and Schneider, A. and Schneider, J. and Schröder, F. G. and Schumacher, L. and Sclafani, S. and Seckel, D. and Seunarine, S. and Shefali, S. and Silva, M. and Smithers, B. and Snihur, R. and Soedingrekso, J. and Soldin, D. and Song, M. and Spiczak, G. M. and Spiering, C. and Stachurska, J. and Stamatikos, M. and Stanev, T. and Stein, R. and Stettner, J. and Steuer, A. and Stezelberger, T. and Stokstad, R. G. and Stößl, A. and Strotjohann, N. L. and Stürwald, T. and Stuttard, T. and Sullivan, G. W. and Taboada, I. and Tenholt, F. and Ter-Antonyan, S. and Terliuk, A. and Tilav, S. and Tollefson, K. and Tomankova, L. and Tönnis, C. and Toscano, S. and Tosi, D. and Trettin, A. and Tselengidou, M. and Tung, C. F. and Turcati, A. and Turcotte, R. and Turley, C. F. and Ty, B. and Unger, E. and Unland Elorrieta, M. A. and Usner, M. and Vandenbroucke, J. and Van Driessche, W. and van Eijk, D. and van Eijndhoven, N. and Vannerom, D. and van Santen, J. and Verpoest, S. and Vraeghe, M. and Walck, C. and Wallace, A. and Wallraff, M. and Watson, T. B. and Weaver, C. and Weindl, A. and Weiss, M. J. and Weldert, J. and Wendt, C. and Werthebach, J. and Whelan, B. J. and Whitehorn, N. and Wiebe, K. and Wiebusch, C. H. and Williams, D. R. and Wills, L. and Wolf, M. and Wood, T. R. and Woschnagg, K. and Wrede, G. and Wulff, J. and Xu, X. W. and Xu, Y. and Yanez, J. P. and Yodh, G. and Yoshida, S. and Yuan, T. and Zhang, Z. and Zöcklein, M. and {IceCube Collaboration}},
  date = {2020-09-30},
  journaltitle = {Phys. Rev. D},
  volume = {102},
  pages = {052009},
  issn = {2470-0010, 2470-0029},
  doi = {10.1103/PhysRevD.102.052009},
  file = {C\:\\Users\\Martin\\Zotero\\storage\\RPQWQ6DR\\Aartsen et al. - 2020 - Searching for eV-scale sterile neutrinos with eigh.pdf},
  keywords = {IC2020 companion paper},
  langid = {english},
  number = {5},
  options = {useprefix=true}
}

@article{IC2020short,
  title = {An {{eV}}-Scale Sterile Neutrino Search Using Eight Years of Atmospheric Muon Neutrino Data from the {{IceCube Neutrino Observatory}}},
  author = {Aartsen, M. G. and Abbasi, R. and Ackermann, M. and Adams, J. and Aguilar, J. A. and Ahlers, M. and Ahrens, M. and Alispach, C. and Amin, N. M. and Andeen, K. and Anderson, T. and Ansseau, I. and Anton, G. and Argüelles, C. and Auffenberg, J. and Axani, S. and Bagherpour, H. and Bai, X. and V., A. Balagopal and Barbano, A. and Barwick, S. W. and Bastian, B. and Basu, V. and Baum, V. and Baur, S. and Bay, R. and Beatty, J. J. and Becker, K.-H. and Tjus, J. Becker and BenZvi, S. and Berley, D. and Bernardini, E. and Besson, D. Z. and Binder, G. and Bindig, D. and Blaufuss, E. and Blot, S. and Bohm, C. and Böser, S. and Botner, O. and Böttcher, J. and Bourbeau, E. and Bourbeau, J. and Bradascio, F. and Braun, J. and Bron, S. and Brostean-Kaiser, J. and Burgman, A. and Buscher, J. and Busse, R. S. and Carver, T. and Chen, C. and Cheung, E. and Chirkin, D. and Choi, S. and Clark, B. A. and Clark, K. and Classen, L. and Coleman, A. and Collin, G. H. and Conrad, J. M. and Coppin, P. and Correa, P. and Cowen, D. F. and Cross, R. and Dave, P. and De Clercq, C. and DeLaunay, J. J. and Dembinski, H. and Deoskar, K. and De Ridder, S. and Desai, A. and Desiati, P. and de Vries, K. D. and de Wasseige, G. and de With, M. and DeYoung, T. and Dharani, S. and Diaz, A. and Díaz-Vélez, J. C. and Dujmovic, H. and Dunkman, M. and DuVernois, M. A. and Dvorak, E. and Ehrhardt, T. and Eller, P. and Engel, R. and Evenson, P. A. and Fahey, S. and Fazely, A. R. and Fedynitch, A. and Felde, J. and Fienberg, A. T. and Filimonov, K. and Finley, C. and Fox, D. and Franckowiak, A. and Friedman, E. and Fritz, A. and Gaisser, T. K. and Gallagher, J. and Ganster, E. and Garrappa, S. and Gerhardt, L. and Glauch, T. and Glüsenkamp, T. and Goldschmidt, A. and Gonzalez, J. G. and Grant, D. and Grégoire, T. and Griffith, Z. and Griswold, S. and Günder, M. and Gündüz, M. and Haack, C. and Hallgren, A. and Halliday, R. and Halve, L. and Halzen, F. and Hanson, K. and Hardin, J. and Haungs, A. and Hauser, S. and Hebecker, D. and Heereman, D. and Heix, P. and Helbing, K. and Hellauer, R. and Henningsen, F. and Hickford, S. and Hignight, J. and Hill, G. C. and Hoffman, K. D. and Hoffmann, R. and Hoinka, T. and Hokanson-Fasig, B. and Hoshina, K. and Huang, F. and Huber, M. and Huber, T. and Hultqvist, K. and Hünnefeld, M. and Hussain, R. and In, S. and Iovine, N. and Ishihara, A. and Jansson, M. and Japaridze, G. S. and Jeong, M. and Jones, B. J. P. and Jonske, F. and Joppe, R. and Kang, D. and Kang, W. and Kappes, A. and Kappesser, D. and Karg, T. and Karl, M. and Karle, A. and Katz, U. and Kauer, M. and Kellermann, M. and Kelley, J. L. and Kheirandish, A. and Kim, J. and Kintscher, T. and Kiryluk, J. and Kittler, T. and Klein, S. R. and Koirala, R. and Kolanoski, H. and Köpke, L. and Kopper, C. and Kopper, S. and Koskinen, D. J. and Koundal, P. and Kowalski, M. and Krings, K. and Krückl, G. and Kulacz, N. and Kurahashi, N. and Kyriacou, A. and Lanfranchi, J. L. and Larson, M. J. and Lauber, F. and Lazar, J. P. and Leonard, K. and Leszczyńska, A. and Li, Y. and Liu, Q. R. and Lohfink, E. and Mariscal, C. J. Lozano and Lu, L. and Lucarelli, F. and Ludwig, A. and Lünemann, J. and Luszczak, W. and Lyu, Y. and Ma, W. Y. and Madsen, J. and Maggi, G. and Mahn, K. B. M. and Makino, Y. and Mallik, P. and Mancina, S. and Mariş, I. C. and Maruyama, R. and Mase, K. and Maunu, R. and McNally, F. and Meagher, K. and Medici, M. and Medina, A. and Meier, M. and Meighen-Berger, S. and Merz, J. and Meures, T. and Micallef, J. and Mockler, D. and Momenté, G. and Montaruli, T. and Moore, R. W. and Morse, R. and Moulai, M. and Muth, P. and Nagai, R. and Naumann, U. and Neer, G. and Nguyen, L. V. and Niederhausen, H. and Nisa, M. U. and Nowicki, S. C. and Nygren, D. R. and Pollmann, A. Obertacke and Oehler, M. and Olivas, A. and O'Murchadha, A. and O'Sullivan, E. and Palczewski, T. and Pandya, H. and Pankova, D. V. and Park, N. and Parker, G. K. and Paudel, E. N. and Peiffer, P. and de los Heros, C. Pérez and Philippen, S. and Pieloth, D. and Pieper, S. and Pinat, E. and Pizzuto, A. and Plum, M. and Popovych, Y. and Porcelli, A. and Rodriguez, M. Prado and Price, P. B. and Przybylski, G. T. and Raab, C. and Raissi, A. and Rameez, M. and Rauch, L. and Rawlins, K. and Rea, I. C. and Rehman, A. and Reimann, R. and Relethford, B. and Renschler, M. and Renzi, G. and Resconi, E. and Rhode, W. and Richman, M. and Riedel, B. and Robertson, S. and Rongen, M. and Rott, C. and Ruhe, T. and Ryckbosch, D. and Cantu, D. Rysewyk and Safa, I. and Herrera, S. E. Sanchez and Sandrock, A. and Sandroos, J. and Santander, M. and Sarkar, S. and Sarkar, S. and Satalecka, K. and Scharf, M. and Schaufel, M. and Schieler, H. and Schlunder, P. and Schmidt, T. and Schneider, A. and Schneider, J. and Schröder, F. G. and Schumacher, L. and Sclafani, S. and Seckel, D. and Seunarine, S. and Shefali, S. and Silva, M. and Smithers, B. and Snihur, R. and Soedingrekso, J. and Soldin, D. and Song, M. and Spiczak, G. M. and Spiering, C. and Stachurska, J. and Stamatikos, M. and Stanev, T. and Stein, R. and Stettner, J. and Steuer, A. and Stezelberger, T. and Stokstad, R. G. and Stößl, A. and Strotjohann, N. L. and Stürwald, T. and Stuttard, T. and Sullivan, G. W. and Taboada, I. and Tenholt, F. and Ter-Antonyan, S. and Terliuk, A. and Tilav, S. and Tollefson, K. and Tomankova, L. and Tönnis, C. and Toscano, S. and Tosi, D. and Trettin, A. and Tselengidou, M. and Tung, C. F. and Turcati, A. and Turcotte, R. and Turley, C. F. and Ty, B. and Unger, E. and Elorrieta, M. A. Unland and Usner, M. and Vandenbroucke, J. and Van Driessche, W. and van Eijk, D. and van Eijndhoven, N. and Vannerom, D. and van Santen, J. and Verpoest, S. and Vraeghe, M. and Walck, C. and Wallace, A. and Wallraff, M. and Watson, T. B. and Weaver, C. and Weindl, A. and Weiss, M. J. and Weldert, J. and Wendt, C. and Werthebach, J. and Whelan, B. J. and Whitehorn, N. and Wiebe, K. and Wiebusch, C. H. and Williams, D. R. and Wills, L. and Wolf, M. and Wood, T. R. and Woschnagg, K. and Wrede, G. and Wulff, J. and Xu, X. W. and Xu, Y. and Yanez, J. P. and Yodh, G. and Yoshida, S. and Yuan, T. and Zhang, Z. and Zöcklein, M.},
  date = {2020-09-30},
  journaltitle = {Phys. Rev. Lett.},
  volume = {125},
  pages = {141801},
  issn = {0031-9007, 1079-7114},
  doi = {10.1103/PhysRevLett.125.141801},
  abstract = {The results of a 3+1 sterile neutrino search using eight years of data from the IceCube Neutrino Observatory are presented. A total of 305,735 muon neutrino events are analyzed in reconstructed energy-zenith space to test for signatures of a matter-enhanced oscillation that would occur given a sterile neutrino state with a mass-squared differences between 0.01\textbackslash,eV\$\^2\$ and 100\textbackslash,eV\$\^2\$. The best-fit point is found to be at \$\textbackslash sin\^2(2\textbackslash theta\_\{24\})=0.10\$ and \$\textbackslash Delta m\_\{41\}\^2 = 4.5\{\textbackslash rm eV\}\^2\$, which is consistent with the no sterile neutrino hypothesis with a p-value of 8.0\textbackslash\%.},
  archiveprefix = {arXiv},
  eprint = {2005.12942},
  eprinttype = {arxiv},
  file = {C\:\\Users\\Martin\\Zotero\\storage\\GKTLW83Z\\Aartsen et al. - 2020 - An eV-scale sterile neutrino search using eight ye.pdf;C\:\\Users\\Martin\\Zotero\\storage\\SR9K5Y7A\\2005.html},
  keywords = {High Energy Physics - Experiment,High Energy Physics - Phenomenology},
  number = {14},
  options = {useprefix=true}
}

@online{ICaeff,
  title = {All-Sky Point-Source {{IceCube}} Data: Years 2010-2012},
  shorttitle = {All-Sky Point-Source {{IceCube}} Data},
  author = {{IceCube Collaboration}},
  date = {2018},
  doi = {10.21234/B4F04V},
  abstract = {Introduction IceCube has performed several all-sky searches for point-like sources of neutrinos that have been published elsewhere. This data release includes 3 years of track-like neutrino candidates detected by IceCube between June 2010 and May 2013. The selection includes through-going tracks, i.e. muon neutrino candidates that reach the detector from all directions, as well as ...},
  file = {C\:\\Users\\Martin\\Zotero\\storage\\WKBY75SI\\all-sky-point-source-icecube-data-years-2010-2012.html},
  langid = {american},
  organization = {{IceCube}}
}

@article{icecubecollaborationSearchDarkMatter2013,
  title = {Search for Dark Matter Annihilations in the {{Sun}} with the 79-String {{IceCube}} Detector},
  author = {{IceCube collaboration} and Aartsen, M. G. and Abbasi, R. and Abdou, Y. and Ackermann, M. and Adams, J. and Aguilar, J. A. and Ahlers, M. and Altmann, D. and Andeen, K. and Auffenberg, J. and Bai, X. and Baker, M. and Barwick, S. W. and Baum, V. and Bay, R. and Beattie, K. and Beatty, J. J. and Bechet, S. and Tjus, J. Becker and Becker, K.-H. and Bell, M. and Benabderrahmane, M. L. and BenZvi, S. and Berdermann, J. and Berghaus, P. and Berley, D. and Bernardini, E. and Bertrand, D. and Besson, D. Z. and Bindig, D. and Bissok, M. and Blaufuss, E. and Blumenthal, J. and Boersma, D. J. and Bohaichuk, S. and Bohm, C. and Bose1, D. and Böser, S. and Botner, O. and Brayeur, L. and Brown, A. M. and Bruijn, R. and Brunner, J. and Buitink, S. and Carson, M. and Casey, J. and Casier, M. and Chirkin, D. and Christy, B. and Clark, K. and Clevermann, F. and Cohen, S. and Cowen, D. F. and Silva, A. H. Cruz and Danninger, M. and Daughhetee, J. and Davis, J. C. and De Clercq, C. and De Ridder, S. and Descamps, F. and Desiati, P. and de Vries-Uiterweerd, G. and DeYoung, T. and Díaz-Vélez, J. C. and Dreyer, J. and Dumm, J. P. and Dunkman, M. and Eagan, R. and Eberhardt, B. and Eisch, J. and Ellsworth, R. W. and Engdegård, O. and Euler, S. and Evenson, P. A. and Fadiran, O. and Fazely, A. R. and Fedynitch, A. and Feintzeig, J. and Feusels, T. and Filimonov, K. and Finley, C. and Fischer-Wasels, T. and Flis, S. and Franckowiak, A. and Franke, R. and Frantzen, K. and Fuchs, T. and Gaisser, T. K. and Gallagher, J. and Gerhardt, L. and Gladstone, L. and Glüsenkamp, T. and Goldschmidt, A. and Golup, G. and Goodman, J. A. and Góra, D. and Grant, D. and Groß, A. and Grullon, S. and Gurtner, M. and Ha, C. and Ismail, A. Haj and Hallgren, A. and Halzen, F. and Hanson, K. and Heereman, D. and Heimann, P. and Heinen, D. and Helbing, K. and Hellauer, R. and Hickford, S. and Hill, G. C. and Hoffman, K. D. and Hoffmann, R. and Homeier, A. and Hoshina, K. and Huelsnitz, W. and Hulth, P. O. and Hultqvist, K. and Hussain, S. and Ishihara, A. and Jacobi, E. and Jacobsen, J. and Japaridze, G. S. and Jlelati, O. and Kappes, A. and Karg, T. and Karle, A. and Kiryluk, J. and Kislat, F. and Kläs, J. and Klein, S. R. and Köhne, J.-H. and Kohnen, G. and Kolanoski, H. and Köpke, L. and Kopper, C. and Kopper, S. and Koskinen, D. J. and Kowalski, M. and Krasberg, M. and Kroll, G. and Kunnen, J. and Kurahashi, N. and Kuwabara, T. and Labare, M. and Landsman, H. and Larson, M. J. and Lauer, R. and Lesiak-Bzdak, M. and Lünemann, J. and Madsen, J. and Maruyama, R. and Mase, K. and Matis, H. S. and McNally, F. and Meagher, K. and Merck, M. and Mészáros, P. and Meures, T. and Miarecki, S. and Middell, E. and Milke, N. and Miller, J. and Mohrmann, L. and Montaruli, T. and Morse, R. and Nahnhauer, R. and Naumann, U. and Nowicki, S. C. and Nygren, D. R. and Obertacke, A. and Odrowski, S. and Olivas, A. and Olivo, M. and O'Murchadha, A. and Panknin, S. and Paul, L. and Pepper, J. A. and de los Heros, C. Pérez and Pieloth, D. and Pirk, N. and Posselt, J. and Price, P. B. and Przybylski, G. T. and Rädel, L. and Rawlins, K. and Redl, P. and Resconi, E. and Rhode, W. and Ribordy, M. and Richman, M. and Riedel, B. and Rodrigues, J. P. and Rott, C. and Ruhe, T. and Ruzybayev, B. and Ryckbosch, D. and Saba, S. M. and Salameh, T. and Sander, H.-G. and Santander, M. and Sarkar, S. and Schatto, K. and Scheel, M. and Scheriau, F. and Schmidt, T. and Schmitz, M. and Schoenen, S. and Schöneberg, S. and Schönherr, L. and Schönwald, A. and Schukraft, A. and Schulte, L. and Schulz, O. and Seckel, D. and Seo, S. H. and Sestayo, Y. and Seunarine, S. and Sheremata, C. and Smith, M. W. E. and Soiron, M. and Soldin, D. and Spiczak, G. M. and Spiering, C. and Stamatikos, M. and Stanev, T. and Stasik, A. and Stezelberger, T. and Stokstad, R. G. and Stöß, A. and Strahler, E. A. and Ström, R. and Sullivan, G. W. and Taavola, H. and Taboada, I. and Tamburro, A. and Ter-Antonyan, S. and Tilav, S. and Toale, P. A. and Toscano, S. and Usner, M. and van der Drift, D. and van Eijndhoven, N. and Van Overloop, A. and van Santen, J. and Vehring, M. and Voge1, M. and Vraeghe, M. and Walck, C. and Waldenmaier, T. and Wallraff, M. and Walter, M. and Wasserman, R. and Weaver, Ch and Wendt, C. and Westerhoff, S. and Whitehorn, N. and Wiebe, K. and Wiebusch, C. H. and Williams, D. R. and Wissing, H. and Wolf, M. and Wood, T. R. and Woschnagg, K. and Xu, C. and Xu, D. L. and Xu, X. W. and Yanez, J. P. and Yodh, G. and Yoshida, S. and Zarzhitsky, P. and Ziemann, J. and Zierke, S. and Zilles, A. and Zoll, M.},
  date = {2013-03-28},
  journaltitle = {Phys. Rev. Lett.},
  volume = {110},
  pages = {131302},
  issn = {0031-9007, 1079-7114},
  doi = {10.1103/PhysRevLett.110.131302},
  abstract = {We have performed a search for muon neutrinos from dark matter annihilation in the center of the Sun with the 79-string configuration of the IceCube neutrino telescope. For the first time, the DeepCore sub-array is included in the analysis, lowering the energy threshold and extending the search to the austral summer. The 317 days of data collected between June 2010 and May 2011 are consistent with the expected background from atmospheric muons and neutrinos. Upper limits are therefore set on the dark matter annihilation rate, with conversions to limits on spin-dependent and spin-independent WIMP-proton cross-sections for WIMP masses in the range 20 - 5000 GeV. These are the most stringent spin-dependent WIMP-proton cross-sections limits to date above 35 GeV.},
  archiveprefix = {arXiv},
  eprint = {1212.4097},
  eprinttype = {arxiv},
  file = {C\:\\Users\\Martin\\Zotero\\storage\\TCD2FRPR\\IceCube collaboration et al. - 2013 - Search for dark matter annihilations in the Sun wi.pdf},
  keywords = {Astrophysics - High Energy Astrophysical Phenomena,High Energy Physics - Experiment},
  number = {13},
  options = {useprefix=true}
}

@article{icecubecollaborationSearchSterileNeutrino2017,
  title = {Search for Sterile Neutrino Mixing Using Three Years of {{IceCube DeepCore}} Data},
  author = {IceCube Collaboration and Aartsen, M. G. and Ackermann, M. and Adams, J. and Aguilar, J. A. and Ahlers, M. and Ahrens, M. and Samarai, I. Al and Altmann, D. and Andeen, K. and Anderson, T. and Ansseau, I. and Anton, G. and Archinger, M. and Argüelles, C. and Auffenberg, J. and Axani, S. and Bai, X. and Barwick, S. W. and Baum, V. and Bay, R. and Beatty, J. J. and Tjus, J. Becker and Becker, K.-H. and BenZvi, S. and Berley, D. and Bernardini, E. and Besson, D. Z. and Binder, G. and Bindig, D. and Blaufuss, E. and Blot, S. and Bohm, C. and Börner, M. and Bos, F. and Bose, D. and Böser, S. and Botner, O. and Braun, J. and Brayeur, L. and Bretz, H.-P. and Bron, S. and Burgman, A. and Carver, T. and Casier, M. and Cheung, E. and Chirkin, D. and Christov, A. and Clark, K. and Classen, L. and Coenders, S. and Collin, G. H. and Conrad, J. M. and Cowen, D. F. and Cross, R. and Day, M. and de André, J. P. A. M. and De Clercq, C. and Rosendo, E. del Pino and Dembinski, H. and De Ridder, S. and Desiati, P. and de Vries, K. D. and de Wasseige, G. and de With, M. and DeYoung, T. and Díaz-Vélez, J. C. and di Lorenzo, V. and Dujmovic, H. and Dumm, J. P. and Dunkman, M. and Eberhardt, B. and Ehrhardt, T. and Eichmann, B. and Eller, P. and Euler, S. and Evenson, P. A. and Fahey, S. and Fazely, A. R. and Feintzeig, J. and Felde, J. and Filimonov, K. and Finley, C. and Flis, S. and Fösig, C.-C. and Franckowiak, A. and Friedman, E. and Fuchs, T. and Gaisser, T. K. and Gallagher, J. and Gerhardt, L. and Ghorbani, K. and Giang, W. and Gladstone, L. and Glauch, T. and Glüsenkamp, T. and Goldschmidt, A. and Gonzalez, J. G. and Grant, D. and Griffith, Z. and Haack, C. and Hallgren, A. and Halzen, F. and Hansen, E. and Hansmann, T. and Hanson, K. and Hebecker, D. and Heereman, D. and Helbing, K. and Hellauer, R. and Hickford, S. and Hignight, J. and Hill, G. C. and Hoffman, K. D. and Hoffmann, R. and Hoshina, K. and Huang, F. and Huber, M. and Hultqvist, K. and In, S. and Ishihara, A. and Jacobi, E. and Japaridze, G. S. and Jeong, M. and Jero, K. and Jones, B. J. P. and Kang, W. and Kappes, A. and Karg, T. and Karle, A. and Katz, U. and Kauer, M. and Keivani, A. and Kelley, J. L. and Kheirandish, A. and Kim, J. and Kim, M. and Kintscher, T. and Kiryluk, J. and Kittler, T. and Klein, S. R. and Kohnen, G. and Koirala, R. and Kolanoski, H. and Konietz, R. and Köpke, L. and Kopper, C. and Kopper, S. and Koskinen, D. J. and Kowalski, M. and Krings, K. and Kroll, M. and Krückl, G. and Krüger, C. and Kunnen, J. and Kunwar, S. and Kurahashi, N. and Kuwabara, T. and Kyriacou, A. and Labare, M. and Lanfranchi, J. L. and Larson, M. J. and Lauber, F. and Lennarz, D. and Lesiak-Bzdak, M. and Leuermann, M. and Lu, L. and Lünemann, J. and Madsen, J. and Maggi, G. and Mahn, K. B. M. and Mancina, S. and Mandelartz, M. and Maruyama, R. and Mase, K. and Maunu, R. and McNally, F. and Meagher, K. and Medici, M. and Meier, M. and Menne, T. and Merino, G. and Meures, T. and Miarecki, S. and Micallef, J. and Momenté, G. and Montaruli, T. and Moulai, M. and Nahnhauer, R. and Naumann, U. and Neer, G. and Niederhausen, H. and Nowicki, S. C. and Nygren, D. R. and Pollmann, A. Obertacke and Olivas, A. and O'Murchadha, A. and Palczewski, T. and Pandya, H. and Pankova, D. V. and Peiffer, P. and Penek, Ö and Pepper, J. A. and de los Heros, C. Pérez and Pieloth, D. and Pinat, E. and Price, P. B. and Przybylski, G. T. and Quinnan, M. and Raab, C. and Rädel, L. and Rameez, M. and Rawlins, K. and Reimann, R. and Relethford, B. and Relich, M. and Resconi, E. and Rhode, W. and Richman, M. and Riedel, B. and Robertson, S. and Rongen, M. and Rott, C. and Ruhe, T. and Ryckbosch, D. and Rysewyk, D. and Sabbatini, L. and Herrera, S. E. Sanchez and Sandrock, A. and Sandroos, J. and Sarkar, S. and Satalecka, K. and Schlunder, P. and Schmidt, T. and Schoenen, S. and Schöneberg, S. and Schumacher, L. and Seckel, D. and Seunarine, S. and Soldin, D. and Song, M. and Spiczak, G. M. and Spiering, C. and Stachurska, J. and Stanev, T. and Stasik, A. and Stettner, J. and Steuer, A. and Stezelberger, T. and Stokstad, R. G. and Stößl, A. and Ström, R. and Strotjohann, N. L. and Sullivan, G. W. and Sutherland, M. and Taavola, H. and Taboada, I. and Tatar, J. and Tenholt, F. and Ter-Antonyan, S. and Terliuk, A. and Tešić, G. and Tilav, S. and Toale, P. A. and Tobin, M. N. and Toscano, S. and Tosi, D. and Tselengidou, M. and Tung, C. F. and Turcati, A. and Unger, E. and Usner, M. and Vandenbroucke, J. and van Eijndhoven, N. and Vanheule, S. and van Rossem, M. and van Santen, J. and Vehring, M. and Voge, M. and Vogel, E. and Vraeghe, M. and Walck, C. and Wallace, A. and Wallraff, M. and Wandkowsky, N. and Waza, A. and Weaver, Ch and Weiss, M. J. and Wendt, C. and Westerhoff, S. and Whelan, B. J. and Wickmann, S. and Wiebe, K. and Wiebusch, C. H. and Wille, L. and Williams, D. R. and Wills, L. and Wolf, M. and Wood, T. R. and Woolsey, E. and Woschnagg, K. and Xu, D. L. and Xu, X. W. and Xu, Y. and Yanez, J. P. and Yodh, G. and Yoshida, S. and Zoll, M.},
  date = {2017-06-15},
  journaltitle = {Phys. Rev. D},
  volume = {95},
  pages = {112002},
  issn = {2470-0010, 2470-0029},
  doi = {10.1103/PhysRevD.95.112002},
  abstract = {We present a search for a light sterile neutrino using three years of atmospheric neutrino data from the DeepCore detector in the energy range of approximately \$10-60\textasciitilde\$GeV. DeepCore is the low-energy sub-array of the IceCube Neutrino Observatory. The standard three-neutrino paradigm can be probed by adding an additional light (\$\textbackslash Delta m\_\{41\}\^2 \textbackslash sim 1 \textbackslash mathrm\{\textbackslash{} eV\^2\}\$) sterile neutrino. Sterile neutrinos do not interact through the standard weak interaction, and therefore cannot be directly detected. However, their mixing with the three active neutrino states leaves an imprint on the standard atmospheric neutrino oscillations for energies below 100 GeV. A search for such mixing via muon neutrino disappearance is presented here. The data are found to be consistent with the standard three neutrino hypothesis. Therefore we derive limits on the mixing matrix elements at the level of \$|U\_\{\textbackslash mu4\}|\^2 {$<$} 0.11 \$ and \$|U\_\{\textbackslash tau4\}|\^2 {$<$} 0.15 \$ (90\% C.L.) for the sterile neutrino mass splitting \$\textbackslash Delta m\_\{41\}\^2 = 1.0\$ eV\$\^2\$.},
  archiveprefix = {arXiv},
  eprint = {1702.05160},
  eprinttype = {arxiv},
  file = {C\:\\Users\\Martin\\Zotero\\storage\\BJDPDENX\\IceCube Collaboration et al. - 2017 - Search for sterile neutrino mixing using three yea.pdf;C\:\\Users\\Martin\\Zotero\\storage\\3V4CRUH9\\1702.html},
  keywords = {High Energy Physics - Experiment,High Energy Physics - Phenomenology},
  number = {11},
  options = {useprefix=true}
}

@article{ICenergy,
  title = {Energy {{Reconstruction Methods}} in the {{IceCube Neutrino Telescope}}},
  author = {IceCube Collaboration and Aartsen, M. G. and Abbasi, R. and Ackermann, M. and Adams, J. and Aguilar, J. A. and Ahlers, M. and Altmann, D. and Arguelles, C. and Auffenberg, J. and Bai, X. and Baker, M. and Barwick, S. W. and Baum, V. and Bay, R. and Beatty, J. J. and Tjus, J. Becker and Becker, K.-H. and BenZvi, S. and Berghaus, P. and Berley, D. and Bernardini, E. and Bernhard, A. and Besson, D. Z. and Binder, G. and Bindig, D. and Bissok, M. and Blaufuss, E. and Blumenthal, J. and Boersma, D. J. and Bohm, C. and Bose, D. and Böser, S. and Botner, O. and Brayeur, L. and Bretz, H.-P. and Brown, A. M. and Bruijn, R. and Casey, J. and Casier, M. and Chirkin, D. and Christov, A. and Christy, B. and Clark, K. and Classen, L. and Clevermann, F. and Coenders, S. and Cohen, S. and Cowen, D. F. and Silva, A. H. Cruz and Danninger, M. and Daughhetee, J. and Davis, J. C. and Day, M. and De Clercq, C. and De Ridder, S. and Desiati, P. and de Vries, K. D. and de With, M. and DeYoung, T. and Díaz-Vélez, J. C. and Dunkman, M. and Eagan, R. and Eberhardt, B. and Eichmann, B. and Eisch, J. and Euler, S. and Evenson, P. A. and Fadiran, O. and Fazely, A. R. and Fedynitch, A. and Feintzeig, J. and Feusels, T. and Filimonov, K. and Finley, C. and Fischer-Wasels, T. and Flis, S. and Franckowiak, A. and Frantzen, K. and Fuchs, T. and Gaisser, T. K. and Gallagher, J. and Gerhardt, L. and Gladstone, L. and Glüsenkamp, T. and Goldschmidt, A. and Golup, G. and Gonzalez, J. G. and Goodman, J. A. and Góra, D. and Grandmont, D. T. and Grant, D. and Gretskov, P. and Groh, J. C. and Groß, A. and Ha, C. and Ismail, A. Haj and Hallen, P. and Hallgren, A. and Halzen, F. and Hanson, K. and Hebecker, D. and Heereman, D. and Heinen, D. and Helbing, K. and Hellauer, R. and Hickford, S. and Hill, G. C. and Hoffman, K. D. and Hoffmann, R. and Homeier, A. and Hoshina, K. and Huang, F. and Huelsnitz, W. and Hulth, P. O. and Hultqvist, K. and Hussain, S. and Ishihara, A. and Jackson, S. and Jacobi, E. and Jacobsen, J. and Jagielski, K. and Japaridze, G. S. and Jero, K. and Jlelati, O. and Kaminsky, B. and Kappes, A. and Karg, T. and Karle, A. and Kauer, M. and Kelley, J. L. and Kiryluk, J. and Kläs, J. and Klein, S. R. and Köhne, J.-H. and Kohnen, G. and Kolanoski, H. and Köpke, L. and Kopper, C. and Kopper, S. and Koskinen, D. J. and Kowalski, M. and Krasberg, M. and Kriesten, A. and Krings, K. and Kroll, G. and Kunnen, J. and Kurahashi, N. and Kuwabara, T. and Labare, M. and Landsman, H. and Larson, M. J. and Lesiak-Bzdak, M. and Leuermann, M. and Leute, J. and Lünemann, J. and Macías, O. and Madsen, J. and Maggi, G. and Maruyama, R. and Mase, K. and Matis, H. S. and McNally, F. and Meagher, K. and Merck, M. and Meures, T. and Miarecki, S. and Middell, E. and Milke, N. and Miller, J. and Mohrmann, L. and Montaruli, T. and Morse, R. and Nahnhauer, R. and Naumann, U. and Niederhausen, H. and Nowicki, S. C. and Nygren, D. R. and Obertacke, A. and Odrowski, S. and Olivas, A. and Omairat, A. and O'Murchadha, A. and Paul, L. and Pepper, J. A. and de los Heros, C. Pérez and Pfendner, C. and Pieloth, D. and Pinat, E. and Posselt, J. and Price, P. B. and Przybylski, G. T. and Quinnan, M. and Rädel, L. and Rameez, M. and Rawlins, K. and Redl, P. and Reimann, R. and Resconi, E. and Rhode, W. and Ribordy, M. and Richman, M. and Riedel, B. and Robertson, S. and Rodrigues, J. P. and Rott, C. and Ruhe, T. and Ruzybayev, B. and Ryckbosch, D. and Saba, S. M. and Sander, H.-G. and Santander, M. and Sarkar, S. and Schatto, K. and Scheriau, F. and Schmidt, T. and Schmitz, M. and Schoenen, S. and Schöneberg, S. and Schönwald, A. and Schukraft, A. and Schulte, L. and Schulz, O. and Seckel, D. and Sestayo, Y. and Seunarine, S. and Shanidze, R. and Sheremata, C. and Smith, M. W. E. and Soldin, D. and Spiczak, G. M. and Spiering, C. and Stamatikos, M. and Stanev, T. and Stanisha, N. A. and Stasik, A. and Stezelberger, T. and Stokstad, R. G. and Stößl, A. and Strahler, E. A. and Ström, R. and Strotjohann, N. L. and Sullivan, G. W. and Taavola, H. and Taboada, I. and Tamburro, A. and Tepe, A. and Ter-Antonyan, S. and Tešić, G. and Tilav, S. and Toale, P. A. and Tobin, M. N. and Toscano, S. and Tselengidou, M. and Unger, E. and Usner, M. and Vallecorsa, S. and van Eijndhoven, N. and Van Overloop, A. and van Santen, J. and Vehring, M. and Voge, M. and Vraeghe, M. and Walck, C. and Waldenmaier, T. and Wallraff, M. and Weaver, Ch and Wellons, M. and Wendt, C. and Westerhoff, S. and Whelan, B. and Whitehorn, N. and Wiebe, K. and Wiebusch, C. H. and Williams, D. R. and Wissing, H. and Wolf, M. and Wood, T. R. and Woschnagg, K. and Xu, D. L. and Xu, X. W. and Yanez, J. P. and Yodh, G. and Yoshida, S. and Zarzhitsky, P. and Ziemann, J. and Zierke, S. and Zoll, M.},
  date = {2014-03-17},
  journaltitle = {J. Inst.},
  volume = {9},
  pages = {P03009-P03009},
  issn = {1748-0221},
  doi = {10.1088/1748-0221/9/03/P03009},
  abstract = {Accurate measurement of neutrino energies is essential to many of the scientific goals of large-volume neutrino telescopes. The fundamental observable in such detectors is the Cherenkov light produced by the transit through a medium of charged particles created in neutrino interactions. The amount of light emitted is proportional to the deposited energy, which is approximately equal to the neutrino energy for \$\textbackslash nu\_e\$ and \$\textbackslash nu\_\textbackslash mu\$ charged-current interactions and can be used to set a lower bound on neutrino energies and to measure neutrino spectra statistically in other channels. Here we describe methods and performance of reconstructing charged-particle energies and topologies from the observed Cherenkov light yield, including techniques to measure the energies of uncontained muon tracks, achieving average uncertainties in electromagnetic-equivalent deposited energy of \$\textbackslash sim 15\textbackslash\%\$ above 10 TeV.},
  archiveprefix = {arXiv},
  eprint = {1311.4767},
  eprinttype = {arxiv},
  file = {C\:\\Users\\Martin\\Zotero\\storage\\CIY39DZC\\IceCube Collaboration et al. - 2014 - Energy Reconstruction Methods in the IceCube Neutr.pdf;C\:\\Users\\Martin\\Zotero\\storage\\2ZKTSRJS\\1311.html},
  keywords = {Astrophysics - Instrumentation and Methods for Astrophysics,Physics - Instrumentation and Detectors},
  number = {03},
  options = {useprefix=true}
}

@online{ImpactNonstandardInteractions,
  title = {Impact of Nonstandard Interactions on Sterile Neutrino Searches at {{IceCube}} - {{INSPIRE}}},
  url = {https://inspirehep.net/literature/1424789},
  urldate = {2021-03-15},
  file = {C\:\\Users\\Martin\\Zotero\\storage\\QB9XSX67\\Impact of nonstandard interactions on sterile neut.pdf;C\:\\Users\\Martin\\Zotero\\storage\\TKF9D3I8\\1424789.html},
  keywords = {nsi}
}

@software{james-alvey-422021,
  title = {James-Alvey-42/{{IceCubeNeutrinos}}},
  author = {{james-alvey-42}},
  date = {2021-04-26T07:40:40Z},
  origdate = {2019-10-31T11:28:51Z},
  url = {https://github.com/james-alvey-42/IceCubeNeutrinos},
  urldate = {2021-04-26},
  abstract = {Code, documentation and manuscript for Linking Scalar Dark Matter and Neutrino Masses with IceCube 170922A [1902.01450]}
}

@article{jonesIceCubeSterileNeutrino2019,
  title = {{{IceCube Sterile Neutrino Searches}}},
  author = {Jones, B. J. P.},
  date = {2019},
  journaltitle = {EPJ Web Conf.},
  volume = {207},
  pages = {04005},
  issn = {2100-014X},
  doi = {10.1051/epjconf/201920704005},
  abstract = {Anomalies in short baseline experiments have been interpreted as evidence for additional neutrino mass states with large mass splittings from the known, active flavors. This explanation mandates a corresponding signature in the muon neutrino disappearance channel, which has yet to be observed. Searches for muon neutrino disappearance at the IceCube neutrino telescope presently provide the strongest limits in the space of mixing angles for eV-scale sterile neutrinos. This proceeding for the Very Large Volume Neutrino Telescopes (VLVnT) Workshop summarizes the IceCube analyses that have searched for sterile neutrinos and describes ongoing work toward enhanced, high-statistics sterile neutrino searches.},
  archiveprefix = {arXiv},
  eprint = {1902.06185},
  eprinttype = {arxiv},
  file = {C\:\\Users\\Martin\\Zotero\\storage\\N8HEDNAD\\Jones - 2019 - IceCube Sterile Neutrino Searches.pdf;C\:\\Users\\Martin\\Zotero\\storage\\4R9DES6Z\\1902.html},
  keywords = {High Energy Physics - Experiment,High Energy Physics - Phenomenology}
}

@online{karagiorgiConfrontingShortbaselineOscillation2012,
  title = {Confronting the Short-Baseline Oscillation Anomalies with a Single Sterile Neutrino and Non-Standard Matter Effects},
  author = {Karagiorgi, G. and Shaevitz, M. H. and Conrad, J. M.},
  date = {2012-02-05},
  shortjournal = {ArXiv12021024 Hep-Ph},
  url = {http://arxiv.org/abs/1202.1024},
  urldate = {2020-09-21},
  abstract = {We examine the MiniBooNE neutrino, MiniBooNE antineutrino and LSND antineutrino data sets in a two-neutrino \$\textbackslash stackrel\{\textbackslash tiny\{(-)\}\}\{\textbackslash nu\}\_\{\textbackslash mu\}\textbackslash rightarrow\textbackslash stackrel\{\textbackslash tiny\{(-)\}\}\{\textbackslash nu\}\_e\$ oscillation approximation subject to non-standard matter effects. We assume those effects can be parametrized by an \$L\$-independent effective potential, \$V\_s=\textbackslash pm A\_s\$, experienced only by an intermediate, non-weakly-interacting (sterile) neutrino state which we assume participates in the oscillation, where \$+/-\$ corresponds to neutrino/antineutrino propagation. We discuss the mathematical framework in which such oscillations arise in detail, and derive the relevant oscillation probability as a function of the vacuum oscillation parameters \$\textbackslash Delta m\^2\$ and \$\textbackslash sin\^22\textbackslash theta\_\{\textbackslash mu e\}\$, and the matter effect parameter \$A\_s\$. We are able to successfully fit all three data sets, including the MiniBooNE low energy excess, with the following best-fit model parameters: \$\textbackslash Delta m\^2=0.47\$ eV\$\^2\$, \$\textbackslash sin\^22\textbackslash theta\_\{\textbackslash mu e\}=0.010\$, and \$A\_s=2.0\textbackslash times10\^\{-10\}\$ eV. The \$\textbackslash chi\^2\$-probability for the best fit corresponds to 21.6\%, to be compared to 6.8\% for a fit where \$A\_s\$ has been set to zero, corresponding to a (3+1) sterile neutrino oscillation model. We find that the compatibility between the three data sets corresponds to 17.4\%, to be compared to 2.3\% for \$A\_s=0\$. Finally, given the fit results, we examine consequences for reactor, solar, and atmospheric oscillations. For this paper, the presented model is empirically driven, but the results obtained can be directly used to investigate various phenomenological interpretations such as non-standard matter effects.},
  archiveprefix = {arXiv},
  eprint = {1202.1024},
  eprinttype = {arxiv},
  file = {C\:\\Users\\Martin\\Zotero\\storage\\ZVLQVBCY\\Karagiorgi et al. - 2012 - Confronting the short-baseline oscillation anomali.pdf;C\:\\Users\\Martin\\Zotero\\storage\\KI7J37P6\\1202.html},
  keywords = {High Energy Physics - Phenomenology,matter},
  primaryclass = {hep-ph}
}

@online{karagiorgiConfrontingShortbaselineOscillation2012a,
  title = {Confronting the Short-Baseline Oscillation Anomalies with a Single Sterile Neutrino and Non-Standard Matter Effects},
  author = {Karagiorgi, G. and Shaevitz, M. H. and Conrad, J. M.},
  date = {2012-02-05},
  shortjournal = {ArXiv12021024 Hep-Ph},
  url = {http://arxiv.org/abs/1202.1024},
  urldate = {2020-09-21},
  abstract = {We examine the MiniBooNE neutrino, MiniBooNE antineutrino and LSND antineutrino data sets in a two-neutrino \$\textbackslash stackrel\{\textbackslash tiny\{(-)\}\}\{\textbackslash nu\}\_\{\textbackslash mu\}\textbackslash rightarrow\textbackslash stackrel\{\textbackslash tiny\{(-)\}\}\{\textbackslash nu\}\_e\$ oscillation approximation subject to non-standard matter effects. We assume those effects can be parametrized by an \$L\$-independent effective potential, \$V\_s=\textbackslash pm A\_s\$, experienced only by an intermediate, non-weakly-interacting (sterile) neutrino state which we assume participates in the oscillation, where \$+/-\$ corresponds to neutrino/antineutrino propagation. We discuss the mathematical framework in which such oscillations arise in detail, and derive the relevant oscillation probability as a function of the vacuum oscillation parameters \$\textbackslash Delta m\^2\$ and \$\textbackslash sin\^22\textbackslash theta\_\{\textbackslash mu e\}\$, and the matter effect parameter \$A\_s\$. We are able to successfully fit all three data sets, including the MiniBooNE low energy excess, with the following best-fit model parameters: \$\textbackslash Delta m\^2=0.47\$ eV\$\^2\$, \$\textbackslash sin\^22\textbackslash theta\_\{\textbackslash mu e\}=0.010\$, and \$A\_s=2.0\textbackslash times10\^\{-10\}\$ eV. The \$\textbackslash chi\^2\$-probability for the best fit corresponds to 21.6\%, to be compared to 6.8\% for a fit where \$A\_s\$ has been set to zero, corresponding to a (3+1) sterile neutrino oscillation model. We find that the compatibility between the three data sets corresponds to 17.4\%, to be compared to 2.3\% for \$A\_s=0\$. Finally, given the fit results, we examine consequences for reactor, solar, and atmospheric oscillations. For this paper, the presented model is empirically driven, but the results obtained can be directly used to investigate various phenomenological interpretations such as non-standard matter effects.},
  archiveprefix = {arXiv},
  eprint = {1202.1024},
  eprinttype = {arxiv},
  file = {C\:\\Users\\Martin\\Zotero\\storage\\UNEKQN9H\\Karagiorgi et al. - 2012 - Confronting the short-baseline oscillation anomali.pdf;C\:\\Users\\Martin\\Zotero\\storage\\Q4GS52QP\\1202.html},
  keywords = {High Energy Physics - Phenomenology},
  primaryclass = {hep-ph}
}

@inproceedings{kopperRecentResultsNeutrino2016,
  title = {Recent {{Results}} in {{Neutrino Astronomy}}},
  booktitle = {Proceedings of {{The}} 34th {{International Cosmic Ray Conference}}  — {{PoS}}({{ICRC2015}})},
  author = {Kopper, Claudio},
  date = {2016-08-18},
  pages = {002},
  publisher = {{Sissa Medialab}},
  location = {{The Hague, The Netherlands}},
  doi = {10.22323/1.236.0002},
  eventtitle = {The 34th {{International Cosmic Ray Conference}}},
  file = {C\:\\Users\\Martin\\Zotero\\storage\\2I9LGWTH\\Kopper - 2016 - Recent Results in Neutrino Astronomy.pdf},
  langid = {english}
}

@article{koppNonstandardNeutrinoInteractions2008,
  title = {Non-Standard Neutrino Interactions in Reactor and Superbeam Experiments},
  author = {Kopp, Joachim and Lindner, Manfred and Ota, Toshihiko and Sato, Joe},
  date = {2008-01-28},
  journaltitle = {Phys. Rev. D},
  volume = {77},
  pages = {013007},
  issn = {1550-7998, 1550-2368},
  doi = {10.1103/PhysRevD.77.013007},
  abstract = {The formalism of non-standard four-fermion interactions provides a convenient, model-independent way of parameterizing a wide class of ``new physics'' scenarios. In this article, we study the performance of reactor and superbeam neutrino experiments in the presence of such non-standard interactions (NSI). Due to interference between the standard and non-standard amplitudes, sizeable effects are to be expected if the NSI parameters are close to their current upper limits. We derive approximate formulas for the relevant oscillation probabilities including NSI, and show how the leading effects can be understood intuitively even without any calculations. We will present a classification of all possible NSI according to their impact on reactor and superbeam experiments, and it will turn out that these experiments are highly complementary in terms of their sensitivity to the non-standard parameters. The second part of the paper is devoted to detailed numerical simulations, which will demonstrate how a standard oscillation fit of the mixing angle theta-13 may fail if experimental data is affected by NSI. We find that for some non-standard terms, reactor and superbeam experiments would yield seemingly conflicting results, while in other cases, they may agree well with each other, but the resulting value for theta-13 could be far from the true value. This offset may be so large that the true theta-13 is even ruled out erroneously. In the last section of the paper, we demonstrate that reactor and superbeam data can actually establish the presence of non-standard interactions. Throughout our discussion, we pay special attention to the impact of the complex phases, and of the near detectors.},
  archiveprefix = {arXiv},
  eprint = {0708.0152},
  eprinttype = {arxiv},
  file = {C\:\\Users\\Martin\\Zotero\\storage\\CMNQKN3S\\Kopp et al. - 2008 - Non-standard neutrino interactions in reactor and .pdf;C\:\\Users\\Martin\\Zotero\\storage\\KSQPXDBD\\0708.html},
  keywords = {High Energy Physics - Experiment,High Energy Physics - Phenomenology,teori},
  number = {1}
}

@article{koppSterileNeutrinoOscillations2013,
  title = {Sterile {{Neutrino Oscillations}}: {{The Global Picture}}},
  shorttitle = {Sterile {{Neutrino Oscillations}}},
  author = {Kopp, Joachim and Machado, Pedro A. N. and Maltoni, Michele and Schwetz, Thomas},
  date = {2013-05},
  journaltitle = {J. High Energ. Phys.},
  volume = {2013},
  pages = {50},
  issn = {1029-8479},
  doi = {10.1007/JHEP05(2013)050},
  abstract = {Neutrino oscillations involving eV-scale neutrino mass states are investigated in the context of global neutrino oscillation data including short and long-baseline accelerator, reactor, and radioactive source experiments, as well as atmospheric and solar neutrinos. We consider sterile neutrino mass schemes involving one or two mass-squared differences at the eV\^2 scale denoted by 3+1, 3+2, and 1+3+1. We discuss the hints for eV-scale neutrinos from nu\_e disappearance (reactor and Gallium anomalies) and nu\_mu-{$>$}nu\_e appearance (LSND and MiniBooNE) searches, and we present constraints on sterile neutrino mixing from nu\_mu and neutral-current disappearance data. An explanation of all hints in terms of oscillations suffers from severe tension between appearance and disappearance data. The best compatibility is obtained in the 1+3+1 scheme with a p-value of 0.2\% and exceedingly worse compatibilities in the 3+1 and 3+2 schemes.},
  archiveprefix = {arXiv},
  eprint = {1303.3011},
  eprinttype = {arxiv},
  file = {C\:\\Users\\Martin\\Zotero\\storage\\RKTFZIJJ\\Kopp et al. - 2013 - Sterile Neutrino Oscillations The Global Picture.pdf;C\:\\Users\\Martin\\Zotero\\storage\\QCJTAQ5R\\1303.html},
  keywords = {Astrophysics - Cosmology and Nongalactic Astrophysics,High Energy Physics - Experiment,High Energy Physics - Phenomenology},
  number = {5}
}

@article{koppSterileNeutrinoOscillations2013a,
  title = {Sterile {{Neutrino Oscillations}}: {{The Global Picture}}},
  shorttitle = {Sterile {{Neutrino Oscillations}}},
  author = {Kopp, Joachim and Machado, Pedro A. N. and Maltoni, Michele and Schwetz, Thomas},
  date = {2013-05},
  journaltitle = {J. High Energ. Phys.},
  volume = {2013},
  pages = {50},
  issn = {1029-8479},
  doi = {10.1007/JHEP05(2013)050},
  abstract = {Neutrino oscillations involving eV-scale neutrino mass states are investigated in the context of global neutrino oscillation data including short and long-baseline accelerator, reactor, and radioactive source experiments, as well as atmospheric and solar neutrinos. We consider sterile neutrino mass schemes involving one or two mass-squared differences at the eV\^2 scale denoted by 3+1, 3+2, and 1+3+1. We discuss the hints for eV-scale neutrinos from nu\_e disappearance (reactor and Gallium anomalies) and nu\_mu-{$>$}nu\_e appearance (LSND and MiniBooNE) searches, and we present constraints on sterile neutrino mixing from nu\_mu and neutral-current disappearance data. An explanation of all hints in terms of oscillations suffers from severe tension between appearance and disappearance data. The best compatibility is obtained in the 1+3+1 scheme with a p-value of 0.2\% and exceedingly worse compatibilities in the 3+1 and 3+2 schemes.},
  archiveprefix = {arXiv},
  eprint = {1303.3011},
  eprinttype = {arxiv},
  file = {C\:\\Users\\Martin\\Zotero\\storage\\VJPR87AH\\Kopp et al. - 2013 - Sterile Neutrino Oscillations The Global Picture.pdf;C\:\\Users\\Martin\\Zotero\\storage\\9SUZEZXK\\1303.html},
  keywords = {Astrophysics - Cosmology and Nongalactic Astrophysics,High Energy Physics - Experiment,High Energy Physics - Phenomenology},
  number = {5}
}

@article{kuoNeutrinoOscillationsMatter1989,
  title = {Neutrino Oscillations in Matter},
  author = {Kuo, T. K. and Pantaleone, James},
  date = {1989-10-01},
  journaltitle = {Rev. Mod. Phys.},
  volume = {61},
  pages = {937--979},
  issn = {0034-6861},
  doi = {10.1103/RevModPhys.61.937},
  file = {C\:\\Users\\Martin\\Zotero\\storage\\BU8ZNWYX\\Kuo and Pantaleone - 1989 - Neutrino oscillations in matter.pdf},
  langid = {english},
  number = {4}
}

@article{kuoNeutrinoOscillationsMatter1989a,
  title = {Neutrino Oscillations in Matter},
  author = {Kuo, T. K. and Pantaleone, James},
  date = {1989-10-01},
  journaltitle = {Rev. Mod. Phys.},
  volume = {61},
  pages = {937--979},
  issn = {0034-6861},
  doi = {10.1103/RevModPhys.61.937},
  file = {C\:\\Users\\Martin\\Zotero\\storage\\NAFN4UZL\\Kuo and Pantaleone - 1989 - Neutrino oscillations in matter.pdf},
  langid = {english},
  number = {4}
}

@article{longoMonteCarloCalculation1975,
  title = {Monte {{Carlo}} Calculation of Photon-Initiated Electromagnetic Showers in Lead Glass},
  author = {Longo, Egidio and Sestili, Ignazio},
  date = {1975-10-01},
  journaltitle = {Nuclear Instruments and Methods},
  volume = {128},
  pages = {283--307},
  issn = {0029-554X},
  doi = {10.1016/0029-554X(75)90679-5},
  abstract = {We present the results of a Monte Carlo calculation of the longitudinal and lateral development of photon-initiated electron-photon cascades in SF5 lead glass for the following energies of the primary photon: 100, 300, 500, 700, 1000, and 5000 MeV. The longitudinal development has been carefully treated and a satisfactory analytical representation is suggested as a convenient tool for many practical problems. The lateral spread has been analyzed and estimated from different points of view. Fluctuations obtained from the Monte Carlo calculation for the track length of showers within 5, 10 and 15X0 of SF5 are presented. They have also been obtained for an array of 9 counters - each 1×X0 thick - placed one behind the other. These results have been interpolated rather accurately with a Polya distribution for a convenient set of values of the corresponding parameters.},
  file = {C\:\\Users\\Martin\\Zotero\\storage\\H8G8R7Y8\\0029554X75906795.html},
  langid = {english},
  number = {2}
}

@article{maltoni2003,
  title = {Testing the Statistical Compatibility of Independent Data Sets},
  author = {Maltoni, M. and Schwetz, T.},
  date = {2003-08-29},
  journaltitle = {Phys. Rev. D},
  volume = {68},
  pages = {033020},
  issn = {0556-2821, 1089-4918},
  doi = {10.1103/PhysRevD.68.033020},
  abstract = {We discuss a goodness-of-fit method which tests the compatibility between statistically independent data sets. The method gives sensible results even in cases where the chi\^2-minima of the individual data sets are very low or when several parameters are fitted to a large number of data points. In particular, it avoids the problem that a possible disagreement between data sets becomes diluted by data points which are insensitive to the crucial parameters. A formal derivation of the probability distribution function for the proposed test statistic is given, based on standard theorems of statistics. The application of the method is illustrated on data from neutrino oscillation experiments, and its complementarity to the standard goodness-of-fit is discussed.},
  archiveprefix = {arXiv},
  eprint = {hep-ph/0304176},
  eprinttype = {arxiv},
  file = {C\:\\Users\\Martin\\Zotero\\storage\\HVEGG74J\\Maltoni and Schwetz - 2003 - Testing the statistical compatibility of independe.pdf;C\:\\Users\\Martin\\Zotero\\storage\\WNYQSAV3\\0304176.html},
  keywords = {Astrophysics,High Energy Physics - Experiment,High Energy Physics - Phenomenology},
  number = {3}
}

@online{nsiFarzan,
  title = {Neutrino Oscillations and {{Non}}-{{Standard Interactions}}},
  author = {Farzan, Y. and Tortola, M.},
  date = {2018-01-28},
  shortjournal = {ArXiv171009360 Hep-Ex Physicshep-Ph},
  url = {http://arxiv.org/abs/1710.09360},
  urldate = {2021-03-23},
  abstract = {Current neutrino experiments measure the neutrino mixing parameters with an unprecedented accuracy. The upcoming generation of experiments will be sensitive to subdominant effects that can give information on the unknown neutrino parameters: the Dirac CP-violating phase, the mass ordering and the \$\textbackslash theta\_\{23\}\$ octant. Determining the exact values of neutrino mass and mixing parameters is crucial to test neutrino models and flavor symmetries. In the first part of this review, we summarize the current status of neutrino oscillation parameters. We consider the most recent data from solar experiments and the atmospheric data from Super-Kamiokande, IceCube and ANTARES. We implement the data from the reactor experiments KamLAND, Daya Bay, RENO and Double Chooz as well as the long baseline data from MINOS, T2K and NOvA. If in addition to the standard interactions, neutrinos have subdominant Non-Standard Interactions (NSI) with matter, extracting the values of these parameters will suffer from new degeneracies. We review such effects and formulate the conditions on the NSI parameters under which the precision measurement of neutrino oscillation parameters can be distorted. Like standard weak interactions, NSI can be categorized into Charged and Neutral Current NSI. Our focus will be on NC NSI since it is possible to build a class of models giving rise to sizeable NC NSI with effects on neutrino oscillations. These models are based on new \$U(1)\$ gauge symmetry with a boson of mass \$\textbackslash lesssim 10\$ MeV. The UV complete model should be electroweak invariant which implies that along with neutrinos, charged fermions acquire new interactions on which there are strong bounds. We enumerate the bounds that exist on such models and show that it is possible to build viable models avoiding all the bounds. We review methods to test these models and suggest approaches to break the degeneracies caused by NSI.},
  archiveprefix = {arXiv},
  eprint = {1710.09360},
  eprinttype = {arxiv},
  file = {C\:\\Users\\Martin\\Zotero\\storage\\9F9P4XQ4\\Farzan and Tortola - 2018 - Neutrino oscillations and Non-Standard Interaction.pdf;C\:\\Users\\Martin\\Zotero\\storage\\9T7NJFNC\\1710.html},
  keywords = {High Energy Physics - Experiment,High Energy Physics - Phenomenology},
  primaryclass = {hep-ex, physics:hep-ph}
}

@article{nufit,
  title = {The Fate of Hints: Updated Global Analysis of Three-Flavor Neutrino Oscillations},
  shorttitle = {The Fate of Hints},
  author = {Esteban, Ivan and Gonzalez-Garcia, M.C. and Maltoni, Michele and Schwetz, Thomas and Zhou, Albert},
  date = {2020-09-28},
  journaltitle = {J. High Energ. Phys.},
  volume = {2020},
  pages = {178},
  issn = {1029-8479},
  doi = {10.1007/JHEP09(2020)178},
  abstract = {Our herein described combined analysis of the latest neutrino oscillation data presented at the Neutrino2020 conference shows that previous hints for the neutrino mass ordering have significantly decreased, and normal ordering (NO) is favored only at the 1.6σ level. Combined with the χ2 map provided by Super-Kamiokande for their atmospheric neutrino data analysis the hint for NO is at 2.7σ. The CP conserving value δCP = 180° is within 0.6σ of the global best fit point. Only if we restrict to inverted mass ordering, CP violation is favored at the ∼ 3σ level. We discuss the origin of these results — which are driven by the new data from the T2K and NOvA long-baseline experiments —, and the relevance of the LBL-reactor oscillation frequency complementarity. The previous 2.2σ tension in ∆m221 preferred by KamLAND and solar experiments is also reduced to the 1.1σ level after the inclusion of the latest Super-Kamiokande solar neutrino results. Finally we present updated allowed ranges for the oscillation parameters and for the leptonic Jarlskog determinant from the global analysis.},
  file = {C\:\\Users\\Martin\\Zotero\\storage\\UM64P5KR\\Esteban et al. - 2020 - The fate of hints updated global analysis of thre.pdf},
  langid = {english},
  number = {9}
}

@article{ohlssonStatusNonstandardNeutrino2013,
  title = {Status of Non-Standard Neutrino Interactions},
  author = {Ohlsson, Tommy},
  date = {2013-04-01},
  journaltitle = {Rep. Prog. Phys.},
  volume = {76},
  pages = {044201},
  issn = {0034-4885, 1361-6633},
  doi = {10.1088/0034-4885/76/4/044201},
  abstract = {The phenomenon of neutrino oscillations has been established as the leading mechanism behind neutrino flavor transitions, providing solid experimental evidence that neutrinos are massive and lepton flavors are mixed. Here we review sub-leading effects in neutrino flavor transitions known as non-standard neutrino interactions, which is currently the most explored description for effects beyond the standard paradigm of neutrino oscillations. In particular, we report on the phenomenology of non-standard neutrino interactions and their experimental and phenomenological bounds as well as future sensitivity and discovery reach.},
  archiveprefix = {arXiv},
  eprint = {1209.2710},
  eprinttype = {arxiv},
  file = {C\:\\Users\\Martin\\Zotero\\storage\\XPJK9QKB\\Ohlsson - 2013 - Status of non-standard neutrino interactions.pdf;C\:\\Users\\Martin\\Zotero\\storage\\FA9CK4WF\\1209.html},
  keywords = {High Energy Physics - Experiment,High Energy Physics - Phenomenology,NSI},
  number = {4}
}

@article{olivasPropagationGeVNeutrinos2018,
  title = {Propagation of {{GeV}} Neutrinos through {{Earth}}},
  author = {Olivas, Yaithd Daniel and Sahu, Sarira},
  date = {2018-06},
  journaltitle = {Journal of High Energy Astrophysics},
  volume = {18},
  pages = {35--42},
  issn = {22144048},
  doi = {10.1016/j.jheap.2018.02.001},
  file = {C\:\\Users\\Martin\\Zotero\\storage\\9WHT5CDK\\Olivas and Sahu - 2018 - Propagation of GeV neutrinos through Earth.pdf},
  langid = {english}
}

@article{paschosNeutrinoInteractionsOscillation2002,
  title = {Neutrino {{Interactions In Oscillation Experiments}}},
  author = {Paschos, E. A. and Yu, J. Y.},
  date = {2002-01-07},
  journaltitle = {Phys. Rev. D},
  volume = {65},
  pages = {033002},
  issn = {0556-2821, 1089-4918},
  doi = {10.1103/PhysRevD.65.033002},
  abstract = {We calculate neutrino induced cross-sections relevant for oscillation experiments, including the \$\textbackslash tau\$-lepton threshold for quasi-elastic, resonance and deep inelastic scattering. In addition to threshold effects, we include nuclear corrections for heavy targets which are moderate for quasi-elastic and large for single pion production. Nuclear effects for deep inelastic reactions are small. We present cross sections together with their nuclear corrections for various channels which are useful for interpreting the experimental results and for determining parameters of the neutrino sector..},
  archiveprefix = {arXiv},
  eprint = {hep-ph/0107261},
  eprinttype = {arxiv},
  file = {C\:\\Users\\Martin\\Zotero\\storage\\36T3RYRH\\Paschos and Yu - 2002 - Neutrino Interactions In Oscillation Experiments.pdf;C\:\\Users\\Martin\\Zotero\\storage\\PYUKGWN3\\0107261.html},
  keywords = {DIS,High Energy Physics - Phenomenology},
  number = {3}
}

@article{petcovDiffractiveLikeParametricResonanceLikeEnhancement1998,
  title = {Diffractive-{{Like}} (or {{Parametric}}-{{Resonance}}-{{Like}}?) {{Enhancement}} of the {{Earth}} ({{Day}}-{{Night}}) {{Effect}} for {{Solar Neutrinos Crossing}} the {{Earth Core}}},
  shorttitle = {Diffractive-{{Like}} (or {{Parametric}}-{{Resonance}}-{{Like}}?},
  author = {Petcov, S. T.},
  date = {1998-08},
  journaltitle = {Physics Letters B},
  volume = {434},
  pages = {321--332},
  issn = {03702693},
  doi = {10.1016/S0370-2693(98)00742-4},
  abstract = {It is shown that the strong enhancement of the Earth (day-night) effect for solar neutrinos crossing the Earth core in the case of the small mixing angle MSW electron neutrino to muon (tau) neutrino transition solution of the solar neutrino problem is due to a new resonance effect in the solar neutrino transitions in the Earth and not just to the MSW effect in the core. The effect is in many respects similar to the electron paramagnetic resonance. The conditions for existence of this new resonance effect are discussed. They include specific constraints on the neutrino oscillation lengths in the Earth mantle and in the Earth core, thus the resonance is a ``neutrino oscillation length resonance''. The effect exhibits strong dependence on the neutrino energy. Analytic expression for the probability accounting for the solar neutrino transitions in the Earth, which provides a high precision description of the transitions, including the new resonance effect, is derived. The implications of our results for the searches of the day-night asymmetry in the solar neutrino experiments are briefly discussed. The new resonance effect is operative also in the muon neutrino to electron neutrino (electron neutrino to muon neutrino) transitions of atmospheric neutrinos crossing the Earth core.},
  archiveprefix = {arXiv},
  eprint = {hep-ph/9805262},
  eprinttype = {arxiv},
  file = {C\:\\Users\\Martin\\Zotero\\storage\\786H477F\\Petcov - 1998 - Diffractive-Like (or Parametric-Resonance-Like) E.pdf;C\:\\Users\\Martin\\Zotero\\storage\\GTX2TIU6\\9805262.html},
  keywords = {High Energy Physics - Phenomenology},
  number = {3-4}
}

@online{PINGUdata,
  title = {{{IceCube Upgrade Neutrino Monte Carlo Simulation}}},
  author = {{IceCube Collaboration}},
  date = {2020},
  doi = {10.21234/qfz1-yh02},
  abstract = {Introduction The IceCube Upgrade is an upcoming extension to the IceCube neutrino observatory which will densely instrument a 2 Mton region in the deepest ice, within the existing DeepCore sub-array. This new sub-array will comprise 7 new strings featuring a total of nearly 700 multi-PMT optical modules (known as mDOMs and DEggs) at a vertical ...},
  file = {C\:\\Users\\Martin\\Zotero\\storage\\JP6HP6QP\\icecube-upgrade-neutrino-monte-carlo-simulation.html},
  langid = {american},
  organization = {{IceCube}}
}

@article{PREM,
  title = {Preliminary Reference {{Earth}} Model},
  author = {Dziewonski, Adam M. and Anderson, Don L.},
  date = {1981-06-01},
  journaltitle = {Physics of the Earth and Planetary Interiors},
  volume = {25},
  pages = {297--356},
  issn = {0031-9201},
  doi = {10.1016/0031-9201(81)90046-7},
  abstract = {A large data set consisting of about 1000 normal mode periods, 500 summary travel time observations, 100 normal mode Q values, mass and moment of inertia have been inverted to obtain the radial distribution of elastic properties, Q values and density in the Earth's interior. The data set was supplemented with a special study of 12 years of ISC phase data which yielded an additional 1.75 × 106 travel time observations for P and S waves. In order to obtain satisfactory agreement with the entire data set we were required to take into account anelastic dispersion. The introduction of transverse isotropy into the outer 220 km of the mantle was required in order to satisfy the shorter period fundamental toroidal and spheroidal modes. This anisotropy also improved the fit of the larger data set. The horizontal and vertical velocities in the upper mantle differ by 2–4\%, both for P and S waves. The mantle below 220 km is not required to be anisotropic. Mantle Rayleigh waves are surprisingly sensitive to compressional velocity in the upper mantle. High Sn velocities, low Pn velocities and a pronounced low-velocity zone are features of most global inversion models that are suppressed when anisotropy is allowed for in the inversion. The Preliminary Reference Earth Model, PREM, and auxiliary tables showing fits to the data are presented.},
  file = {C\:\\Users\\Martin\\Zotero\\storage\\YZLYIG9G\\Dziewonski and Anderson - 1981 - Preliminary reference Earth model.pdf;C\:\\Users\\Martin\\Zotero\\storage\\5SMP9J32\\0031920181900467.html},
  keywords = {article},
  langid = {english},
  number = {4}
}

@article{pueschelSmallGuideMaking,
  title = {Small {{Guide}} to {{Making Nice Tables}}},
  author = {Pueschel, Markus},
  pages = {16},
  file = {C\:\\Users\\Martin\\Zotero\\storage\\8G4V8FI7\\Pueschel - Small Guide to Making Nice Tables.pdf},
  langid = {english}
}

@article{razzaqueSearchingSterileNeutrinos2011,
  title = {Searching for Sterile Neutrinos in Ice},
  author = {Razzaque, Soebur and Smirnov, A. Yu},
  date = {2011-07},
  journaltitle = {J. High Energ. Phys.},
  volume = {2011},
  pages = {84},
  issn = {1029-8479},
  doi = {10.1007/JHEP07(2011)084},
  abstract = {Oscillation interpretation of the results from the LSND, MiniBooNE and some other experiments requires existence of sterile neutrino with mass \$\textbackslash sim 1\$ eV and mixing with the active neutrinos \$|U\_\{\textbackslash mu 0\}|\^2 \textbackslash sim (0.02 - 0.04)\$. It has been realized some time ago that existence of such a neutrino affects significantly the fluxes of atmospheric neutrinos in the TeV range which can be tested by the IceCube Neutrino Observatory. In view of the first IceCube data release we have revisited the oscillations of high energy atmospheric neutrinos in the presence of one sterile neutrino. Properties of the oscillation probabilities are studied in details for various mixing schemes both analytically and numerically. The energy spectra and angular distributions of the \$\textbackslash nu\_\textbackslash mu-\$events have been computed for the simplest \$\textbackslash nu\_s-\$mass, and \$\textbackslash nu\_s - \textbackslash nu\_\textbackslash mu\$ mixing schemes and confronted with the IceCube data. An illustrative statistical analysis of the present data shows that in the \$\textbackslash nu\_s-\$mass mixing case the sterile neutrinos with parameters required by LSND/MiniBooNE can be excluded at about \$3\textbackslash sigma\$ level. The \$\textbackslash nu\_s- \textbackslash nu\_\textbackslash mu\$ mixing scheme, however, can not be ruled out with currently available IceCube data.},
  archiveprefix = {arXiv},
  eprint = {1104.1390},
  eprinttype = {arxiv},
  file = {C\:\\Users\\Martin\\Zotero\\storage\\U7VGNPTD\\Razzaque and Smirnov - 2011 - Searching for sterile neutrinos in ice.pdf;C\:\\Users\\Martin\\Zotero\\storage\\ZGGYXZHH\\1104.html},
  keywords = {Astrophysics - High Energy Astrophysical Phenomena,High Energy Physics - Experiment,High Energy Physics - Phenomenology},
  number = {7}
}

@online{RobustnessIceCubeBound,
  title = {On the Robustness of {{IceCube}}'s Bound on Sterile Neutrinos in the Presence of Non-Standard Interactions - {{INSPIRE}}},
  url = {https://inspirehep.net/literature/1700766},
  urldate = {2021-03-15},
  file = {C\:\\Users\\Martin\\Zotero\\storage\\RRYEMKKX\\On the robustness of IceCube's bound on sterile ne.pdf;C\:\\Users\\Martin\\Zotero\\storage\\LUAWTMY3\\1700766.html}
}

@article{salvadoNonstandardInteractionsHighenergy2017,
  title = {Non-Standard Interactions with High-Energy Atmospheric Neutrinos at {{IceCube}}},
  author = {Salvado, Jordi and Mena, Olga and Palomares-Ruiz, Sergio and Rius, Nuria},
  date = {2017-01},
  journaltitle = {J. High Energ. Phys.},
  volume = {2017},
  pages = {141},
  issn = {1029-8479},
  doi = {10.1007/JHEP01(2017)141},
  abstract = {Non-standard interactions in the propagation of neutrinos in matter can lead to significant deviations from expectations within the standard neutrino oscillation framework and atmospheric neutrino detectors have been considered to set constraints. However, most previous works have focused on relatively low-energy atmospheric neutrino data. Here, we consider the one-year high-energy through-going muon data in IceCube, which has been already used to search for light sterile neutrinos, to constrain new interactions in the \$\textbackslash mu\textbackslash tau\$-sector. In our analysis we include several systematic uncertainties on both, the atmospheric neutrino flux and on the detector properties, which are accounted for via nuisance parameters. After considering different primary cosmic-ray spectra and hadronic interaction models, we obtain the most stringent bound on the off-diagonal \$\textbackslash varepsilon\_\{\textbackslash mu \textbackslash tau\}\$ parameter to date, with the 90\textbackslash\% credible interval given by \$-6.0 \textbackslash times 10\^\{-3\} {$<$} \textbackslash varepsilon\_\{\textbackslash mu \textbackslash tau\} {$<$} 5.4 \textbackslash times 10\^\{-3\}\$. In addition, we also estimate the expected sensitivity after 10\textasciitilde years of collected data in IceCube and study the precision at which non-standard parameters could be determined for the case of \$\textbackslash varepsilon\_\{\textbackslash mu \textbackslash tau\}\$ near its current bound.},
  archiveprefix = {arXiv},
  eprint = {1609.03450},
  eprinttype = {arxiv},
  file = {C\:\\Users\\Martin\\Zotero\\storage\\3Z47TE7J\\Salvado et al. - 2017 - Non-standard interactions with high-energy atmosph.pdf;C\:\\Users\\Martin\\Zotero\\storage\\8T8LIY5S\\1609.html},
  keywords = {High Energy Physics - Phenomenology},
  number = {1}
}

@article{schmitzHuntingSterileNeutrino2016,
  title = {Hunting the {{Sterile Neutrino}}},
  author = {Schmitz, David W.},
  date = {2016-08-08},
  journaltitle = {Physics},
  volume = {9},
  url = {https://physics.aps.org/articles/v9/94},
  urldate = {2021-03-01},
  abstract = {A search for sterile neutrinos with the IceCube detector has found no evidence for the hypothetical particles, significantly narrowing the range of masses that a new kind of neutrino could possibly have.},
  file = {C\:\\Users\\Martin\\Zotero\\storage\\5E68C7WU\\Schmitz - 2016 - Hunting the Sterile Neutrino.html},
  langid = {english}
}

@online{SearchNonstandardNeutrino,
  title = {Search for {{Nonstandard Neutrino Interactions}} with {{IceCube DeepCore}} - {{INSPIRE}}},
  url = {https://inspirehep.net/literature/1624684},
  urldate = {2021-03-31},
  file = {C\:\\Users\\Martin\\Zotero\\storage\\EDWKFB32\\Search for Nonstandard Neutrino Interactions with .pdf;C\:\\Users\\Martin\\Zotero\\storage\\B89CI3ZZ\\1624684.html}
}

@article{storehaugImprovingAtmosphericNeutrino,
  title = {Improving the {{Atmospheric Neutrino Flux Estimation}} in {{IceCube}}},
  author = {Storehaug, Ida Torkjellsdatter},
  pages = {117},
  file = {C\:\\Users\\Martin\\Zotero\\storage\\K2TWATUM\\Storehaug - Improving the Atmospheric Neutrino Flux Estimation.pdf},
  langid = {english}
}

@article{tastetDiracVsMajorana2020,
  title = {Dirac vs. {{Majorana HNLs}} (and Their Oscillations) at {{SHiP}}},
  author = {Tastet, Jean-Loup and Timiryasov, Inar},
  date = {2020-04},
  journaltitle = {J. High Energ. Phys.},
  volume = {2020},
  pages = {5},
  issn = {1029-8479},
  doi = {10.1007/JHEP04(2020)005},
  abstract = {SHiP is a proposed high-intensity beam dump experiment set to operate at the CERN SPS. It is expected to have an unprecedented sensitivity to a variety of models containing feebly interacting particles, such as Heavy Neutral Leptons (HNLs). Two HNLs or more could successfully explain the observed neutrino masses through the seesaw mechanism. If, in addition, they are quasi-degenerate, they could be responsible for the baryon asymmetry of the Universe. Depending on their mass splitting, HNLs can have very different phenomenologies: they can behave as Majorana fermions -- with lepton number violating (LNV) signatures, such as same-sign dilepton decays -- or as Dirac fermions with only lepton number conserving (LNC) signatures. In this work, we quantitatively demonstrate that LNV processes can be distinguished from LNC ones at SHiP, using only the angular distribution of the HNL decay products. Accounting for spin correlations in the simulation and using boosted decision trees for discrimination, we show that SHiP will be able to distinguish Majorana-like and Dirac-like HNLs in a significant fraction of the currently unconstrained parameter space. If the mass splitting is of order \$10\^\{-6\}\$ eV, SHiP could even be capable of resolving HNL oscillations, thus providing a direct measurement of the mass splitting. This analysis highlights the potential of SHiP to not only search for feebly interacting particles, but also perform model selection.},
  archiveprefix = {arXiv},
  eprint = {1912.05520},
  eprinttype = {arxiv},
  file = {C\:\\Users\\Martin\\Zotero\\storage\\MHFEG4G9\\Tastet and Timiryasov - 2020 - Dirac vs. Majorana HNLs (and their oscillations) a.pdf;C\:\\Users\\Martin\\Zotero\\storage\\YKE7ENII\\1912.html},
  keywords = {DT,High Energy Physics - Experiment,High Energy Physics - Phenomenology,ML},
  number = {4}
}

@article{theicecubecollaborationDesignPerformanceIceCube2012,
  title = {The {{Design}} and {{Performance}} of {{IceCube DeepCore}}},
  shorttitle = {{{ICdesign2o12}}},
  author = {{The IceCube Collaboration}},
  date = {2012-05},
  journaltitle = {Astroparticle Physics},
  volume = {35},
  pages = {615--624},
  issn = {09276505},
  doi = {10.1016/j.astropartphys.2012.01.004},
  abstract = {The IceCube neutrino observatory in operation at the South Pole, Antarctica, comprises three distinct components: a large buried array for ultrahigh energy neutrino detection, a surface air shower array, and a new buried component called DeepCore. DeepCore was designed to lower the IceCube neutrino energy threshold by over an order of magnitude, to energies as low as about 10 GeV. DeepCore is situated primarily 2100 m below the surface of the icecap at the South Pole, at the bottom center of the existing IceCube array, and began taking physics data in May 2010. Its location takes advantage of the exceptionally clear ice at those depths and allows it to use the surrounding IceCube detector as a highly efficient active veto against the principal background of downward-going muons produced in cosmic-ray air showers. DeepCore has a module density roughly five times higher than that of the standard IceCube array, and uses photomultiplier tubes with a new photocathode featuring a quantum efficiency about 35\% higher than standard IceCube PMTs. Taken together, these features of DeepCore will increase IceCube's sensitivity to neutrinos from WIMP dark matter annihilations, atmospheric neutrino oscillations, galactic supernova neutrinos, and point sources of neutrinos in the northern and southern skies. In this paper we describe the design and initial performance of DeepCore.},
  archiveprefix = {arXiv},
  eprint = {1109.6096},
  eprinttype = {arxiv},
  file = {C\:\\Users\\Martin\\Zotero\\storage\\C42QGWWX\\The IceCube Collaboration - 2012 - The Design and Performance of IceCube DeepCore.pdf},
  keywords = {Astrophysics - Cosmology and Nongalactic Astrophysics,Astrophysics - Instrumentation and Methods for Astrophysics,High Energy Physics - Experiment,Physics - Instrumentation and Detectors},
  number = {10}
}

@article{theicecubecollaborationDesignPerformanceIceCube2012a,
  title = {The {{Design}} and {{Performance}} of {{IceCube DeepCore}}},
  author = {The IceCube Collaboration},
  date = {2012-05},
  journaltitle = {Astroparticle Physics},
  volume = {35},
  pages = {615--624},
  issn = {09276505},
  doi = {10.1016/j.astropartphys.2012.01.004},
  abstract = {The IceCube neutrino observatory in operation at the South Pole, Antarctica, comprises three distinct components: a large buried array for ultrahigh energy neutrino detection, a surface air shower array, and a new buried component called DeepCore. DeepCore was designed to lower the IceCube neutrino energy threshold by over an order of magnitude, to energies as low as about 10 GeV. DeepCore is situated primarily 2100 m below the surface of the icecap at the South Pole, at the bottom center of the existing IceCube array, and began taking physics data in May 2010. Its location takes advantage of the exceptionally clear ice at those depths and allows it to use the surrounding IceCube detector as a highly efficient active veto against the principal background of downward-going muons produced in cosmic-ray air showers. DeepCore has a module density roughly five times higher than that of the standard IceCube array, and uses photomultiplier tubes with a new photocathode featuring a quantum efficiency about 35\% higher than standard IceCube PMTs. Taken together, these features of DeepCore will increase IceCube's sensitivity to neutrinos from WIMP dark matter annihilations, atmospheric neutrino oscillations, galactic supernova neutrinos, and point sources of neutrinos in the northern and southern skies. In this paper we describe the design and initial performance of DeepCore.},
  archiveprefix = {arXiv},
  eprint = {1109.6096},
  eprinttype = {arxiv},
  file = {C\:\\Users\\Martin\\Zotero\\storage\\7XNIYTKC\\The IceCube Collaboration - 2012 - The Design and Performance of IceCube DeepCore.pdf},
  keywords = {Astrophysics - Cosmology and Nongalactic Astrophysics,Astrophysics - Instrumentation and Methods for Astrophysics,High Energy Physics - Experiment,Physics - Instrumentation and Detectors},
  number = {10}
}

@article{theicecubecollaborationSearchesSterileNeutrinos2016,
  title = {Searches for {{Sterile Neutrinos}} with the {{IceCube Detector}}},
  author = {{The IceCube Collaboration}},
  date = {2016-08-08},
  journaltitle = {Phys. Rev. Lett.},
  volume = {117},
  pages = {071801},
  issn = {0031-9007, 1079-7114},
  doi = {10.1103/PhysRevLett.117.071801},
  abstract = {The IceCube neutrino telescope at the South Pole has measured the atmospheric muon neutrino spectrum as a function of zenith angle and energy in the approximate 320 GeV to 20 TeV range, to search for the oscillation signatures of light sterile neutrinos. No evidence for anomalous \$\textbackslash nu\_\textbackslash mu\$ or \$\textbackslash bar\{\textbackslash nu\}\_\textbackslash mu\$ disappearance is observed in either of two independently developed analyses, each using one year of atmospheric neutrino data. New exclusion limits are placed on the parameter space of the 3+1 model, in which muon antineutrinos would experience a strong MSW-resonant oscillation. The exclusion limits extend to \$\textbackslash mathrm\{sin\}\^2 2\textbackslash theta\_\{24\} \textbackslash leq\$ 0.02 at \$\textbackslash Delta m\^2 \textbackslash sim\$ 0.3 \$\textbackslash mathrm\{eV\}\^2\$ at the 90\textbackslash\% confidence level. The allowed region from global analysis of appearance experiments, including LSND and MiniBooNE, is excluded at approximately the 99\textbackslash\% confidence level for the global best fit value of \$|\$U\$\_\{e4\}|\^2\$.},
  archiveprefix = {arXiv},
  eprint = {1605.01990},
  eprinttype = {arxiv},
  file = {C\:\\Users\\Martin\\Zotero\\storage\\AW6W8ZGF\\The IceCube Collaboration - 2016 - Searches for Sterile Neutrinos with the IceCube De.pdf},
  keywords = {Astrophysics - High Energy Astrophysical Phenomena,High Energy Physics - Experiment},
  number = {7}
}

@article{tommyNSI,
  title = {Status of Non-Standard Neutrino Interactions},
  author = {Ohlsson, Tommy},
  date = {2013-04-01},
  journaltitle = {Rep. Prog. Phys.},
  volume = {76},
  pages = {044201},
  issn = {0034-4885, 1361-6633},
  doi = {10.1088/0034-4885/76/4/044201},
  abstract = {The phenomenon of neutrino oscillations has been established as the leading mechanism behind neutrino flavor transitions, providing solid experimental evidence that neutrinos are massive and lepton flavors are mixed. Here we review sub-leading effects in neutrino flavor transitions known as non-standard neutrino interactions, which is currently the most explored description for effects beyond the standard paradigm of neutrino oscillations. In particular, we report on the phenomenology of non-standard neutrino interactions and their experimental and phenomenological bounds as well as future sensitivity and discovery reach.},
  archiveprefix = {arXiv},
  eprint = {1209.2710},
  eprinttype = {arxiv},
  file = {C\:\\Users\\Martin\\Zotero\\storage\\ZYJRAEHV\\Ohlsson - 2013 - Status of non-standard neutrino interactions.pdf;C\:\\Users\\Martin\\Zotero\\storage\\CGISR5RS\\1209.html},
  keywords = {High Energy Physics - Experiment,High Energy Physics - Phenomenology},
  number = {4}
}

@article{weaverEvidenceAstrophysicalMuon,
  title = {Evidence for {{Astrophysical Muon Neutrinos}} from the {{Northern Sky}}},
  author = {Weaver, Christopher},
  pages = {149},
  file = {C\:\\Users\\Martin\\Zotero\\storage\\2NIUNWM6\\Weaver - Evidence for Astrophysical Muon Neutrinos from the.pdf},
  langid = {english}
}

@online{wooHowNeutrinoTiny,
  title = {How the {{Neutrino}}’s {{Tiny Mass Could Help Solve Big Mysteries}}},
  author = {Woo, Marcus},
  url = {https://www.quantamagazine.org/how-the-neutrinos-tiny-mass-could-help-solve-big-mysteries-20191015/},
  urldate = {2020-11-16},
  abstract = {The KATRIN experiment is closing in on the mass of the neutrino, which could point to new laws of particle physics and reshape theories of cosmology.},
  file = {C\:\\Users\\Martin\\Zotero\\storage\\EPA8XHJV\\how-the-neutrinos-tiny-mass-could-help-solve-big-mysteries-20191015.html},
  langid = {english},
  organization = {{Quanta Magazine}}
}

@report{yangSearchingLightSterile2019,
  title = {Searching for {{Light Sterile Neutrinos}} with {{NOvA Through Neutral}}-{{Current Disappearance}}},
  author = {Yang, Shaokai},
  date = {2019-01-01},
  pages = {FERMILAB-THESIS-2019-09, 1556945},
  doi = {10.2172/1556945},
  file = {C\:\\Users\\Martin\\Zotero\\storage\\59SYGTRD\\Yang - 2019 - Searching for Light Sterile Neutrinos with NOvA Th.pdf;C\:\\Users\\Martin\\Zotero\\storage\\UCQ533E3\\Yang - 2019 - Searching for Light Sterile Neutrinos with NOvA Th.pdf},
  keywords = {ML},
  langid = {english},
  number = {FERMILAB-THESIS-2019-09, 1556945}
}

@article{zaglauerMixingAnglesMatter1988,
  title = {The Mixing Angles in Matter for Three Generations of Neutrinos and the {{MSW}} Mechanism},
  author = {Zaglauer, H. W. and Schwarzer, K. H.},
  date = {1988-06-01},
  journaltitle = {Z. Phys. C - Particles and Fields},
  volume = {40},
  pages = {273--282},
  issn = {1431-5858},
  doi = {10.1007/BF01555889},
  abstract = {Mikheyev and Smirnov have recently shown that oscillations between two species of neutrinos may be amplified in matter. We give analytic expressions for the energy eigenvalues, all the mixing angles and the CP-violating phase in matter for three generations of neutrinos using the Fritzsch parametrization for the flavor mixing matrix. For clearly separated neutrino masses Δm312≫Δm212we find two MSW resonance effects—one forve↔vµand one forve↔vτ conversions —which can each be approximated by a separate two neutrino treatment as has been recently shown by Kuo and Pantaleone. Nearly degenerate neutrino masses Δm312∼Δm212on the other hand lead to only one resonance region withs1 2m 2no longer necessarily approaching 1 for very high densities.},
  file = {C\:\\Users\\Martin\\Zotero\\storage\\KQN4KJQN\\Zaglauer and Schwarzer - 1988 - The mixing angles in matter for three generations .pdf},
  langid = {english},
  number = {2}
}


