@FOOTNOTE{Note1,key="Note1",note="The Earth is entirely composed of electrons, protons, and neutrons. Thus, the fundamental particles composing Earth are electrons, and up and down quarks. We refer to this as \protect \emph  {Earth-like matter}."}
@CONTROL{REVTEX42Control}
@CONTROL{apsrev42Control,author="08",editor="1",pages="0",title="0",year="1"}
